3364 5118
765 567 807 630 39

263 773 329 837 Liv.
361 773 469 838 XXII.
494 774 543 838 16.
566 776 587 836 4
613 771 791 855 „Inclusus
815 773 890 838 iude
912 773 1014 837 rideri
1036 772 1198 836 Hannibal
1222 774 1275 837 via
1296 773 1337 837 ad

222 898 394 963 Casilinum
429 898 565 981 obsessa,
598 918 671 961 oum
707 897 814 981 Capua
845 902 876 961 et
905 896 1070 961 Samnium
1093 902 1124 960 et
1147 901 1272 961 tautum
1296 897 1335 962 ab

220 1027 307 1107 tergo
350 1023 484 1087 divitum
524 1024 681 1087 sociorum
723 1021 874 1087 Romanis
909 1028 1104 1087 commeatus
1138 1021 1337 1106 subveheret,

220 1147 348 1212 Poenus
377 1150 461 1212 inter
490 1148 658 1213 Formiana
688 1167 767 1212 saxa
796 1167 834 1212 ao
855 1147 976 1212 Literni
1000 1149 1134 1212 harenas
1160 1153 1335 1232 stagnaque
1392 1201 1395 1207 .

221 1279 252 1338 et
273 1292 330 1357 per
349 1274 493 1338 horridas
505 1273 528 1355 ¹)
552 1273 648 1337 silvas
671 1272 897 1337 hibernaturus
920 1271 1032 1337 esset''.

265 1396 380 1461 Omnia
403 1399 613 1462 conveniunt:
636 1396 811 1461 Nemorosa
831 1398 908 1481 iuga
930 1397 1015 1481 apud
1039 1396 1152 1461 Silium
1173 1402 1249 1462 sunt
1267 1417 1336 1482 per·

221 1522 367 1587 horridae
398 1523 495 1587 silvae
518 1523 601 1607 apud
624 1521 762 1585 Livium.
786 1521 938 1604 Squalida
960 1520 1089 1585 Literna
1110 1521 1202 1605 palus
1224 1547 1264 1579 =
1282 1522 1338 1588 Li·

220 1647 303 1710 terni
337 1647 473 1711 harenae
507 1652 687 1731 stagnaque.
716 1645 785 1710 Neo
815 1664 880 1709 non
910 1645 1153 1731 Laestrygonias
1185 1666 1280 1731 rupes
1306 1653 1337 1713 et

222 1771 390 1836 Ilormiana
413 1792 492 1837 saxa
514 1773 623 1837 eadem
646 1791 716 1837 esse
729 1773 764 1855 Β),
787 1772 976 1856 intelligitur
999 1792 1041 1836 ex
1059 1755 1217 1855 Cicerone,
1236 1773 1335 1858 Epist.

222 1897 262 1962 ad
297 1898 441 1961 Atticum
474 1897 516 1962 Π.
551 1898 609 1961 13:
644 1896 705 1979 „si
733 1916 808 1962 vero
839 1898 873 1960 in
896 1897 978 1961 hano
1001 1894 1176 1969 Τηλέπυλον
1200 1897 1336 1963 Veneris

221 2021 447 2102 Λαιστρυγονίην
470 2061 512 2070 -
535 2021 677 2087 Formias
702 2023 771 2087 dice
795 2060 836 2069 -
861 2022 938 2087 etc.'’

264 2147 362 2212 Plura
392 2148 505 2212 addere
535 2148 580 2210 nil
610 2167 690 2231 opus
713 2152 776 2228 est3
800 2149 870 2232 ipsa
893 2145 988 2211 verba
1010 2165 1067 2231 pro
1092 2166 1125 2212 se
1147 2146 1334 2230 loquuntur.

220 2272 383 2337 Hannibal
404 2278 546 2337 extrema
566 2274 673 2358 inopia
696 2279 833 2356 coaetus,
853 2273 1022 2337 eonsilium
1040 2274 1123 2357 capit
1145 2273 1215 2338 dolo
1228 2275 1334 2339 hostes
1423 2330 1426 2337 .

222 2399 404 2464 frustrandi.
427 2398 519 2462 Hane
542 2369 621 2481 rem,¹
643 2400 738 2463 nudis
761 2399 867 2464 verbis
890 2420 909 2464 a
931 2400 1021 2466 Livio
1040 2407 1197 2465 narratam
1217 2400 1335 2481 (XXH.

225 2524 286 2605 16),
309 2525 396 2608 epioo
416 2525 531 2587 vestitu
553 2525 683 2587 amiouit
700 2528 800 2607 poeta,
821 2543 916 2607 quem
928 2531 1113 2610 apparatum
1126 2525 1337 2611 suggerebant

222 2650 253 2713 ei
273 2648 434 2712 Homerus
457 2654 489 2712 et
510 2648 680 2733 Vergilius.

266 2823 319 2889 su.
342 2823 414 2888 vu.
438 2791 520 2927 apa:

376 2948 498 3013 Cuncta
519 2967 574 3032 per
596 2953 627 3013 et
648 2953 747 3012 terras
771 2955 802 3014 et
825 2950 880 3014 lati
906 2953 1017 3034 stagna
1039 2950 1188 3034 profundi

378 3075 565 3139 Condiderat
588 3094 719 3140 somnus
742 3113 783 3122 —
807 3113 848 3122 -

375 3202 420 3265 At
443 3221 508 3265 non
531 3199 697 3265 Sidonium
721 3201 807 3265 euris
829 3199 996 3285 flagrantia
1018 3201 1113 3264 eorda

375 3326 545 3392 Ductorem
569 3325 745 3410 vigilesque
768 3331 871 3393 metus
894 3326 1022 3390 haurire
1046 3325 1191 3390 sinebant

375 3450 468 3515 Dona
490 3449 678 3534 soporiferae
699 3451 809 3513 noetis.

265 3629 348 3694 Fieri
381 3646 447 3691 non
480 3632 582 3711 potest
616 3627 693 3709 quin
727 3625 805 3689 haee
837 3625 954 3709 legenti
989 3625 1093 3689 statim
1128 3625 1162 3687 in
1197 3627 1333 3688 mentem

221 3757 329 3821 veniat
350 3774 502 3821 versuum
525 3753 784 3818 Homerioorum:

254 4129 281 4194 1)
300 4129 337 4178 Ex
354 4127 530 4179 emendatione
547 4123 679 4189 Madvigii:
698 4124 805 4174 Emend.
823 4123 876 4172 Lir.
894 4139 918 4188 p.
936 4120 993 4172 293.
1011 4121 1133 4172 Hauniae.
1151 4119 1225 4170 1877.

255 4219 282 4284 2)
301 4219 337 4270 Cf.
361 4219 439 4268 etiarn
463 4217 524 4268 Hor.
547 4215 631 4266 Carm.
655 4213 700 4264 III.
724 4211 1032 4264 lemaanitham.
1051 4212 1119 4262 XIV.
1136 4209 1249 4276 233sqq.
1266 4211 1334 4261 Plin.

223 4311 287 4361 Hist.
305 4309 364 4360 Nat.
380 4308 427 4359 111.
443 4306 468 4360 9.
