3364 5118
257 785 310 851 Sil.
330 785 401 849 VII.
427 787 476 849 96.

299 951 419 1015 Verum
444 949 501 1014 ubi
522 951 624 1034 prima
649 951 725 1014 eatis
749 953 917 1034 conspecta
938 950 972 1012 in
994 950 1157 1014 montibus
1179 951 1251 1015 altis

303 1075 400 1162 Signa
421 1076 542 1161 procul,
564 1076 718 1160 fulsitque
740 1077 833 1140 novis
856 1076 1015 1140 exercitus
1039 1076 1145 1158 annio,

302 1202 454 1266 Arrectae
477 1221 549 1286 spes
573 1202 730 1284 Sidoniae,
753 1201 917 1285 fervetque
940 1200 1089 1265 secundis

299 1327 458 1392 Fortunae
480 1328 615 1392 iuvenis.

253 1488 320 1552 Liv.
344 1488 453 1553 XXH.
479 1491 528 1552 12.
553 1492 581 1554 3.
605 1489 675 1566 Quo
697 1490 839 1574 primum
863 1489 914 1553 die
937 1489 1023 1553 haud
1044 1490 1156 1592 procul
1176 1491 1274 1575 Arpis
1294 1493 1329 1555 in

212 1619 383 1699 conspectu
420 1615 560 1681 hostium
594 1617 702 1699 posuit
735 1620 845 1697 castra,
881 1615 971 1679 nulla
1003 1636 1091 1680 mora
1124 1615 1215 1700 facta,
1251 1618 1330 1701 quin

213 1741 340 1806 Poenus
362 1742 509 1807 educeret
530 1743 565 1805 in
587 1743 685 1806 aciem
710 1743 897 1826 copiamque
919 1743 1085 1827 pugnandi
1107 1742 1231 1808 faceret.

257 1868 309 1932 Sil.
334 1868 405 1931 VII.
429 1869 501 1930 116.

599 2019 637 2027 -
663 2017 707 2028 -
729 1981 862 2046 Volucri
884 1984 967 2066 rapit
989 1983 1117 2066 agmina
1141 2001 1238 2052 cursu

302 2108 349 2170 Ac
370 2113 556 2192 praevectus
579 2127 671 2191 eque,
694 2128 782 2172 nunc
804 2108 916 2173 dextra
938 2113 1088 2191 provocat
1109 2109 1241 2192 hostem,
1340 2172 1341 2176 ,

301 2233 398 2298 Nunc
421 2254 497 2299 voce
518 2237 692 2319 increpitat

213 2390 244 2450 et
266 2385 359 2470 paulo
381 2384 464 2448 infra
485 2405 532 2448 vs.
558 2385 629 2448 123.

301 2535 470 2601 Cassarum
493 2536 581 2602 sedet
603 2539 724 2600 irarum
748 2540 910 2620 spectator,
935 2541 967 2601 et
990 2537 1045 2600 alti

302 2663 413 2727 Celsus
435 2662 514 2726 colle
535 2664 604 2747 iugi
626 2663 733 2726 domat
756 2663 949 2727 exsultantia
970 2664 1065 2727 corda

300 2789 518 2872 Infractasque
540 2791 643 2853 minas
667 2789 762 2854 dilato
786 2787 887 2854 Marte
909 2789 1020 2873 fatigat

297 2913 420 2978 'Sollers
443 2914 613 2978 cunctandi
636 2913 761 2978 Fabius.

256 3063 323 3127 Liv.
347 3063 456 3127 XXII.
482 3066 541 3127 la
555 3066 585 3127 4.
609 3064 671 3129 Sed
694 3064 750 3129 ubi
773 3066 881 3149 quieta
902 3065 987 3150 apud
1009 3065 1116 3129 hostes
1139 3057 1254 3146 omnia,
1273 3083 1333 3128 nec

213 3196 314 3255 castra
336 3191 402 3255 ullo
425 3191 567 3278 tumultu
591 3196 676 3254 mota
698 3191 795 3273 videt,
815 3192 1044 3274 increpans
1068 3190 1209 3274 quidem,
1232 3191 1332 3253 victos

212 3318 340 3382 tandem
363 3317 434 3382 illos
457 3317 587 3382 Martios
611 3319 734 3382 animos
757 3317 918 3381 Romanos
941 3353 983 3362 —
1007 3318 1040 3378 in
1065 3321 1167 3380 caetra
1191 3316 1291 3380 rediit

257 3442 338 3507 Oum
367 3463 430 3506 vss.
459 3443 521 3506 123
535 3463 604 3526 sqq.
627 3449 711 3507 recte
734 3439 933 3522 wezelius1)
957 3446 1116 3524 comparat
1139 3440 1249 3522 Polyb.
1273 3440 1331 3504 ΙΠ.

213 3571 264 3632 89.
296 3571 315 3632 2
344 3567 357 3630 ὃ
388 3567 444 3647 γαρ
479 3567 591 3646 Φάβιος
621 3567 778 3646 διεγνωκώς
802 3569 880 3645 μήτε
898 3564 1144 3656 παραβάλλεσθαι
1168 3565 1246 3643 μήτε
1268 3566 1332 3630 δια-

212 3690 388 3766 κινδυνεύειν,
419 3691 619 3773 στοχάζεσθαι
649 3691 680 3756 δὲ
709 3696 817 3774 πρῶτον
848 3691 899 3756 καὶ
923 3692 1060 3769 μάλιστα
1082 3699 1136 3764 τῆς
1159 3689 1333 3763 demenciam

212 3822 268 3881 τῶν
299 3817 551 3895 ὑποταττομένων,
584 3816 668 3896 ἔμενε
698 3817 829 3896 βεβαίως
861 3816 910 3882 ἐπὶ
943 3824 997 3892 τῆς
1021 3817 1187 3896 διαλήψεας
1211 3815 1331 3889 ταύτης.

211 3944 297 4008 Non.
320 3946 389 4009 siue
423 3947 565 4009 veritatis
598 3947 701 4029 specie
732 3944 883 4011 affirmari
906 3949 1017 4030 potest
1043 3944 1157 4009 Silium
1180 3944 1332 4008 hocloco

213 4070 385 4153 Polybium
409 4076 481 4135 ante
504 4071 612 4136 oculos
635 4071 792 4136 habuisse.

215 4236 358 4248 —

248 4329 273 4394 l)
292 4330 328 4379 De
346 4328 400 4378 Sibi
418 4330 448 4379 lt.
467 4344 527 4380 cum
544 4329 607 4379 font.
625 4335 684 4380 tum
702 4330 747 4380 Ex.
764 4346 788 4394 p.
807 4329 847 4380 74.
