3364 5118
886 589 925 650 12

350 797 488 861 fructum
522 796 707 879 complexus
737 801 784 860 est
814 799 978 879 sexaginta
1009 815 1067 860 sex
1096 796 1308 880 paragraphis,
1331 795 1457 879 quibua,

351 927 387 985 ut
414 922 515 1004 ipsius
546 921 649 985 verbis
680 926 760 1002 utar,
789 922 1003 1005 vulgarem
1034 921 1120 984 illam
1152 922 1341 1004 opinionem,
1366 921 1457 1004 quasi

351 1065 391 1110 ex
414 1045 504 1109 Iivio
527 1045 625 1110 Silius
646 1047 808 1110 materiam
833 1065 925 1110 suam
946 1046 1095 1129 hauserit,
1114 1047 1240 1129 penitus
1259 1046 1458 1129 redarguisse

351 1177 446 1255 atque
468 1172 618 1236 evertisse
641 1171 701 1235 sibi
725 1170 857 1234 videtur.

394 1295 441 1359 Eo
463 1295 612 1360 audaciae
630 1295 782 1378 processit
799 1294 1036 1376 Heynacherus,
1055 1299 1092 1358 ut
1110 1295 1277 1358 contendat
1289 1293 1364 1358 Silio
1376 1294 1458 1357 inter

349 1419 452 1483 fontes
486 1419 601 1482 Punici
632 1419 706 1483 belli
733 1420 864 1484 secundi
886 1418 993 1483 locum
1016 1419 1221 1483 tribuendum
1244 1438 1321 1483 esse.
1345 1417 1458 1482 scribit

350 1544 490 1627 enim1):
514 1543 605 1625 ,Der
622 1545 734 1608 Werth
758 1545 813 1608 des
833 1544 938 1626 Silius,
959 1545 1019 1608 den
1039 1545 1125 1608 seine
1144 1542 1458 1627 gelehrtenNeigun·

350 1689 412 1754 gen
442 1668 666 1751 veranlassten,
698 1669 747 1733 dio
776 1669 985 1733 historischen
1015 1668 1226 1732 Naohriohten
1250 1668 1305 1731 der
1326 1668 1455 1731 altesten

349 1794 529 1858 Annalistilr
553 1815 594 1858 zu
616 1795 815 1876 entnehmen,
838 1796 917 1858 wird
940 1795 1038 1859 durch
1057 1814 1155 1859 unser
1172 1794 1316 1859 Resultat
1335 1793 1458 1858 heines-

350 1939 436 2003 wegs
469 1919 726 2004 herabgedrueht;
759 1918 819 1983 Die
850 1917 1087 2003 Quellenkrililr,
1118 1920 1168 1984 die
1197 1921 1253 1983 ihn
1283 1919 1389 1984 bisher
1410 1921 1457 1984 als

349 2046 527 2112 Nachboter
561 2047 615 2112 des
647 2046 757 2112 Livius
791 2048 961 2131 ignorirte,
982 2067 1071 2111 muss
1100 2048 1157 2109 ihn
1190 2049 1267 2129 jtzt
1297 2046 1457 2111 beachten.

349 2172 447 2237 Silius
478 2173 564 2256 giebt
594 2175 645 2237 ein
676 2173 915 2237 anschauhches
938 2172 1011 2236 Bild
1034 2192 1095 2236 von
1111 2173 1190 2236 dem
1215 2172 1459 2237 Wissensinhalt

351 2297 416 2361 und
440 2298 716 2382 Wissensumfang
738 2300 793 2363 der
816 2299 947 2362 tiltesten
970 2297 1181 2362 Annalistik.''

394 2424 595 2508 Ubicumque
618 2431 728 2508 potest,
752 2424 957 2508 deprehendit
981 2425 1030 2488 vel
1054 2425 1201 2488 minimas
1224 2424 1457 2508 discrepantias

349 2569 430 2633 quae
464 2554 649 2634 argumento
684 2570 741 2614 suo
772 2551 921 2635 prodesse
951 2550 1089 2633 possint,
1121 2570 1265 2634 magnam
1297 2555 1405 2613 contra
1427 2555 1458 2614 et

347 2676 511 2739 nonnullis
532 2677 610 2740 locis
634 2695 707 2740 vere
730 2677 906 2739 mirabilem
928 2677 1097 2759 utriusque
1119 2676 1384 2741 necessitudinem
1403 2683 1457 2741 aut

347 2820 476 2884 prorsus
499 2806 601 2884 negat,
624 2808 688 2882 aut,
712 2801 768 2865 ubi
790 2803 919 2865 omnino
942 2803 1051 2885 negari
1073 2803 1193 2884 nequit,
1216 2802 1311 2865 refert
1329 2804 1368 2867 ad
1388 2802 1457 2866 fon-

347 2930 410 2989 tem
434 2928 562 3010 utrique
586 2945 795 2990 communem.

391 3052 519 3116 Nemini
542 3055 659 3117 mirum
683 3057 757 3132 erat,
780 3053 862 3116 hanc
884 3055 1037 3118 rationem
1062 3073 1177 3117 novam
1201 3058 1296 3137 atque
1315 3054 1457 3118 inaudita

347 3180 483 3264 quadam
516 3178 641 3260 fiducia,
677 3181 768 3261 quasi
797 3179 897 3243 refelli
925 3180 1013 3243 nullo
1043 3181 1137 3243 modo
1159 3187 1273 3264 posset,
1295 3182 1456 3264 prolatam,

345 3306 563 3388 impugnatam
587 3323 656 3369 esse
680 3326 699 3369 a
722 3305 821 3368 doctis
845 3306 931 3388 viris,
955 3305 1082 3388 quibus,
1105 3310 1141 3368 ut
1162 3307 1351 3388 opinionem,
1375 3325 1456 3389 quae
1498 3367 1500 3372 ,

345 3429 440 3513 longo
469 3431 619 3512 temporis
651 3431 750 3512 spatio
779 3431 992 3507 inveterasset,
1021 3430 1126 3494 subito
1157 3429 1357 3512 dimitterent,
1387 3450 1456 3514 per·

349 3556 474 3621 suaderi
496 3577 561 3620 non
584 3561 697 3640 posset.

389 3684 485 3745 Anno
525 3682 608 3745 1881
645 3683 831 3766 prodierunt
866 3682 929 3746 duo
963 3682 1070 3763 libelli,
1106 3681 1222 3765 quibus
1256 3681 1457 3764 Heynaohori

346 3808 450 3890 opinio
473 3806 721 3889 redargueretur.
746 3805 889 3882 Quorum
913 3807 991 3871 alter
1013 3811 1062 3870 est
1080 3826 1279 3907 programma
1291 3807 1456 3888 Gymnasii

293 3931 301 3948 '
345 3931 573 4013 Botzeniensis,
607 3933 659 3995 cui
694 3952 721 3993 v.
753 3932 781 3995 d.
812 3932 851 3995 A.
883 3931 982 3996 Kerer
1011 3934 1172 4015 praemisit
1195 3933 1456 4022 disquisitionem,

346 4160 491 4170 u-——-——

378 4323 403 4399 1)
420 4325 507 4390 Progu
524 4339 549 4401 p.
566 4321 606 4382 68,
