3364 5118
881 598 923 658 54

346 809 436 893 plum
468 807 664 891 praeclarum
697 805 913 869 Homericum.
946 803 1085 868 Nomina
1118 822 1238 883 eornm,
1272 822 1355 886 quos
1383 804 1458 866 hnic

345 932 464 1016 proelio
495 931 676 994 interfuisse
707 934 813 992 narrat
842 935 942 1012 pnite,
970 928 1044 991 ficta
1074 947 1144 992 asse
1166 947 1357 1011 persuasum
1379 928 1458 990 mihi

347 1063 395 1122 est
428 1057 580 1140 nullaque
612 1058 734 1120 ratione
769 1056 974 1138 cogitandum
1004 1073 1074 1118 esse
1103 1054 1143 1118 de
1165 1055 1297 1137 antiquo
1321 1053 1457 1136 quodam

345 1182 441 1264 fonte,
464 1201 482 1246 e
505 1201 569 1265 quo
591 1182 706 1244 hausta
727 1199 797 1244 esse
818 1179 1014 1263 putentur1).

389 1308 435 1372 Ut
463 1307 742 1371 Sohliohteisenius
773 1307 891 1389 passim
913 1305 1000 1368 hand
1023 1306 1092 1369 sine
1113 1306 1241 1390 ingenio
1264 1323 1376 1368 eornm
1399 1305 1459 1368 ori-

347 1435 455 1517 ginem
479 1433 728 1516 investigante,
750 1434 795 1495 ita
816 1451 874 1516 ego
898 1450 1027 1514 quoque
1050 1433 1180 1494 nomina
1196 1431 1363 1514 quaedam,
1379 1449 1460 1513 quae

350 1559 500 1623 hocloco
522 1559 681 1642 leguntur,
704 1559 846 1621 examini
868 1559 1073 1620 summittam.

279 1673 284 1682 ’
392 1683 504 1748 Statim
538 1701 664 1766 pugnae
698 1684 789 1746 initio
822 1703 841 1746 a
873 1682 970 1746 Fabio
1002 1681 1240 1746 interficiuntur
1267 1683 1353 1745 inter
1382 1681 1461 1745 alios

347 1810 457 1890 Butes,
476 1809 575 1873 Anses
594 1810 650 1890 (νε.
672 1809 756 1889 598),
773 1808 937 1872 Adherbes
959 1808 1016 1890 (vs.
1028 1809 1113 1890 601),
1124 1807 1295 1872 Monaesus
1314 1808 1372 1889 (νε.
1386 1808 1461 1888 604(

349 1941 380 2000 et
402 1935 548 1999 Morinos
570 1936 626 2016 (vs.
651 1934 734 2014 605).
949 1923 952 1930 '

392 2061 494 2125 Butes
527 2079 645 2123 nomen
679 2061 883 2123 notissimum
913 2065 961 2124 est
990 2080 1008 2124 e
1038 2059 1188 2143 Vergilio
1211 2060 1299 2142 quod
1326 2060 1410 2123 indit
1430 2065 1463 2124 et

348 2186 413 2250 filio
447 2187 564 2266 Amyci
596 2185 816 2250 Bebrioiorum
849 2186 960 2268 regi³),
988 2192 1019 2249 et
1047 2184 1181 2248 Troiano
1212 2184 1340 2248 cuidam
1363 2206 1383 2248 a
1404 2184 1462 2248 Ga-

349 2312 437 2375 milla
460 2311 607 2391 ooois04).

393 2438 492 2502 Arses
526 2456 644 2501 nomen
679 2441 726 2501 est
753 2437 811 2500 filii
840 2438 924 2520 regis
952 2437 1143 2500 Aitaxerxis
1174 2435 1254 2499 Oohi
1266 2435 1301 2520 ⁵).
1323 2435 1463 2501 Nomina

350 2563 478 2627 Persica
506 2559 634 2646 'saepius
664 2561 749 2646 apud
772 2561 886 2626 Silium
906 2563 1044 2625 inveniri
1065 2561 1287 2626 animadvertit
1309 2561 1461 2626 Sohlioht-

352 2691 492 2754 eisenius
505 2689 538 2770 ⁶).

395 2815 569 2896 Adherben,
593 2818 628 2877 ut
650 2815 714 2876 iam
737 2813 1014 2877 Sohliohteisenius
1036 2814 1124 2895 vidit,
1147 2814 1208 2876 alia
1225 2813 1328 2877 forma
1346 2818 1461 2898 estpro

351 2939 530 3005 Adherbale
553 2939 673 3021 (eodem
697 2939 788 3002 modo
810 2957 867 3020 pro
888 2937 1068 3003 Hannibale
1090 2937 1233 3015 Ἀννίβας
1252 2942 1328 3021 eto).

397 3063 476 3140 Quis
495 3063 638 3128 Monaesi
656 3082 771 3127 nomen
789 3063 898 3147 legens
916 3082 982 3126 non
1002 3065 1107 3128 statim
1123 3066 1340 3129 reminiscitur
1350 3084 1464 3130 versus

351 3187 572 3269 Horatiano:
602 3187 696 3268 „Iam
719 3187 767 3253 bis
790 3188 956 3252 Monaeses
979 3193 1010 3252 et
1030 3189 1143 3254 Pacori
1165 3190 1326 3256 manus?''

395 3313 541 3378 Moninns
560 3332 676 3377 nomen
696 3315 814 3397 gentile
831 3319 879 3378 est
898 3314 1055 3379 Gallicum
1066 3315 1098 3397 ⁸).
1118 3315 1308 3400 Saepissime
1319 3319 1464 3401 personis

386 3611 413 3675 1)
429 3611 465 3662 Cs.
483 3616 593 3662 veterem
603 3611 770 3661 Scholiastam
779 3613 808 3661 ad
818 3611 882 3661 Stat.
893 3612 971 3662 Theb.
980 3612 1012 3662 II.
1021 3611 1083 3662 629:
1094 3613 1146 3679 „ln
1156 3609 1249 3679 pugnis
1258 3615 1340 3664 solent
1348 3615 1465 3679 exempla

352 3703 456 3754 virtutis
473 3701 539 3752 fictis
555 3703 668 3767 personis
684 3703 803 3754 inducere
820 3703 931 3768 poetae.''

386 3795 412 3858 2)
429 3793 465 3844 Cf.
482 3810 506 3858 p.
523 3793 563 3843 17.
580 3810 635 3859 sqq.
651 3793 692 3844 31.
709 3810 765 3859 sqq.
782 3793 822 3844 38.
840 3810 895 3860 sqq.
912 3794 953 3846 58.
970 3812 1025 3862 sqq.
1042 3795 1082 3846 94.
1100 3812 1155 3862 sqq.
1173 3797 1230 3848 120.
1247 3813 1303 3864 sqq.

386 3885 413 3950 3)
432 3886 496 3935 Aen.
513 3885 542 3934 V.
560 3883 617 3935 572.

386 3976 413 4040 4)
433 3977 496 4026 Aen.
514 3973 630 4026 111691.
648 3974 684 4025 Cf.
701 3976 780 4025 etiam
797 3977 909 4040 Apollod.
927 3978 947 4026 l.
963 3976 987 4027 9.
1005 3976 1045 4027 16.
1063 3978 1145 4028 Valer.
1164 3978 1243 4029 Flaoc.
1261 3980 1281 4028 Ι.
1299 3977 1356 4030 394.

385 4068 412 4133 5)
431 4068 531 4118 Aonian.
549 4067 581 4117 ll.
598 4065 639 4116 14.
656 4067 726 4117 Diod.
743 4066 791 4117 Sic.
809 4067 889 4117 XVII.
906 4067 930 4117 5.
949 4068 1017 4119 Plnt.
1034 4069 1194 4120 Artaxerxes.
1213 4070 1233 4119 Ι.

385 4157 412 4224 6)
430 4174 456 4223 ν·
472 4156 512 4207 60-

388 4247 414 4313 7)
436 4245 666 4312 Carmanos.

387 4337 413 4406 ε)
430 4339 527 4390 cascar.
544 4340 575 4388 ae
593 4338 621 4388 n.
636 4337 665 4389 e.
682 4338 715 4387 n.
734 4337 756 4386 a
774 4337 820 4386 111.
838 4335 862 4387 s.
882 4339 914 4387 ai.
