3360 5116
227 819 284 885 Sil.
308 820 398 884 VIII.
422 822 504 883 345:

273 946 336 1010 Sed
359 947 387 1010 si
411 947 508 1010 surda
532 947 610 1010 mihi
632 944 823 1030 pugnabunt
845 951 946 1009 castra
970 947 1120 1026 monenti,

274 1071 372 1136 Haud
395 1092 453 1157 ego
476 1092 535 1137 vos
558 1073 649 1155 ultra,
672 1073 747 1155 nati,
771 1072 961 1155 dulcemque
982 1071 1129 1136 morabor

276 1199 425 1262 Assaraci
447 1198 602 1281 degente
625 1197 764 1274 domum,
788 1197 964 1262 similemve
985 1196 1106 1262 videbit
1139 1229 1141 1234 ·

276 1323 414 1387 Varroni
437 1323 586 1388 Paullum
610 1323 796 1387 redeuntem
820 1324 927 1388 saucia
948 1322 1058 1387 Roma.

195 1519 196 1526 1
228 1473 298 1537 Liv.
322 1473 431 1537 XXII.
455 1475 506 1537 40.
531 1476 559 1537 3.
584 1509 624 1519 -
654 1478 712 1555 „at
735 1475 763 1538 si
787 1474 864 1557 quid
884 1473 1305 1557 adversioaderet,hostium

184 1619 220 1663 se
244 1600 317 1664 telis
339 1601 446 1684 potius
470 1621 566 1683 quam
589 1600 750 1684 suffragiis
772 1601 925 1663 iratorum
949 1600 1068 1662 civium
1091 1604 1187 1683 caput
1204 1598 1306 1664 011100-
1334 1675 1336 1682 s

185 1724 329 1789 turum.''

230 1877 399 1941 Praeterea
421 1875 474 1940 Sil.
498 1875 587 1939 VIH.
614 1877 694 1939 329:

587 2039 629 2046 -
654 2039 696 2046 -
718 2000 786 2066 Nec
809 2020 860 2065 me
883 2002 977 2065 unica
999 2000 1079 2064 fallit

323 2126 500 2191 Cunctandi
524 2127 612 2208 ratic,
638 2147 701 2210 qua
724 2131 756 2190 te
777 2131 940 2211 grassante
964 2145 1132 2191 senescens

322 2251 483 2316 Hannibal
507 2272 692 2336 oppressum
714 2253 795 2316 vidit
817 2252 980 2316 considere
1002 2251 1131 2316 bellurn.

233 2403 317 2467 Sunt
338 2403 434 2467 verba
456 2403 545 2492 Fabii
568 2402 652 2487 apud
675 2401 742 2465 liv,
765 2401 874 2464 XXII.
900 2403 950 2465 39.
977 2401 1017 2463 15
1040 2400 1201 2482 „Dubitas
1222 2421 1306 2486 erge,

188 2532 270 2614 quin
295 2530 433 2595 sedendo
457 2531 636 2614 superaturi
658 2531 760 2594 simus
783 2548 867 2604 eum,
891 2529 948 2612 qui
972 2533 1113 2593 senescat
1135 2530 1169 2592 in
1194 2528 1306 2592 dies?’'

188 2655 315 2720 Deinde
356 2654 504 2719 consules
543 2657 577 2718 in
612 2659 714 2718 castra
747 2653 1002 2738 proficiscuntur,
1037 2653 1230 2719 exercitibus
1263 2656 1307 2718 ita

187 2781 416 2865 multiplicatis,
449 2785 486 2844 ut
520 2785 651 2870 constet,
682 2781 800 2844 maiore
830 2785 946 2844 conatu
979 2784 1074 2864 atque
1096 2781 1217 2864 impetu
1239 2799 1306 2844 rem

189 2910 294 2970 actam
329 2925 397 2970 esse
433 2927 529 2989 quam
560 2905 720 2990 prioribus
750 2908 853 2989 annis,
882 2909 958 2990 quia
988 2926 1076 2991 spem
1106 2925 1200 2990 posse
1222 2907 1307 2970 vinci

188 3031 311 3094 hostem
338 3030 471 3095 dictator
492 3031 688 3115 praebuisset
712 3031 789 3112 (Liv.
812 3030 921 3094 XXII.
947 3031 996 3094 36.
1021 3030 1196 3112 5101811.
1217 3030 1305 3094 VIII.

191 3159 266 3240 352,
289 3159 371 3221 353:

323 3307 396 3372 Non
419 3308 496 3372 alias
519 3307 637 3371 maiore
660 3308 775 3389 virum,
799 3307 917 3370 maiore
941 3305 1001 3370 sub
1025 3307 1121 3370 armis

323 3433 462 3516 Agmine
485 3431 690 3515 cornipedum
717 3449 872 3494 concussa
895 3435 942 3493 est
963 3429 1044 3493 Itala
1065 3430 1169 3493 tellus.

237 3582 389 3666 Sequitur
419 3585 475 3662 (vs.
508 3581 693 3663 356-621)
725 3581 867 3644 recensio
898 3582 1060 3664 copiarum
1083 3579 1307 3662 Romanarum,

195 3728 259 3790 qua
292 3707 436 3792 singulae
469 3712 579 3791 gentes
610 3726 785 3791 earumque
808 3706 905 3771 duces
928 3711 1163 3770 enumerantur.
1187 3705 1227 3769 In
1250 3706 1308 3769 hac

192 3853 227 3898 re
257 3835 326 3897 sine
358 3833 455 3897 dubio
489 3833 565 3898 Silio
595 3835 729 3919 praeivit
750 3832 920 3916 Vergilius.
943 3833 1023 3896 Aen.
1047 3831 1120 3895 VH.
1145 3831 1207 3894 647
1221 3851 1307 3915 sqq.;
1359 3887 1361 3892 ,

193 3959 234 4024 X.
271 3959 334 4021 163
348 3979 416 4044 sqq.
449 3958 487 4022 In
524 3960 574 4023 his
608 3961 711 4042 etiarn,
748 3978 830 4043 quae
864 3979 883 4022 a
912 3963 1003 4042 potita
1031 3957 1105 4022 ficta
1135 3976 1204 4022 esse
1225 3959 1309 4020 inter

193 4103 304 4150 omnes
339 4089 470 4166 constat,
504 4090 676 4149 occurrunt
710 4085 875 4168 quaedam,
911 4103 992 4167 quae
1021 4083 1104 4147 Livii
1135 4103 1194 4147 nos
1223 4099 1308 4146 oom-

193 4215 333 4292 monent,
367 4209 453 4273 unde
488 4210 634 4294 colligere
666 4210 749 4292 licet,
782 4229 879 4292 quam
911 4214 1055 4272 accurate
1085 4227 1158 4272 eum
1188 4208 1308 4291 legerit,

197 4343 292 4422 atque
322 4339 474 4402 memoria
504 4339 650 4420 tenuerit,
681 4336 776 4420 quod,
806 4337 834 4401 si
861 4335 959 4400 alium
984 4337 1165 4419 scriptorem
1188 4333 1308 4397 fontem
1355 4377 1359 4388 ·
