3364 5118
900 618 940 680 20

365 849 437 893 sum
467 829 661 912 adumbrata,
685 829 778 892 certis
805 828 949 911 personis
973 825 1143 890 attribuere
1157 825 1189 908 1),
1213 845 1277 908 qua
1298 843 1333 887 ro
1356 821 1478 887 efficere

364 955 501 1036 student,
524 960 559 1017 ut
581 955 732 1017 lectorum
757 954 855 1016 animi
878 953 978 1036 magis
1002 956 1170 1015 teneantur
1192 969 1228 1013 ao
1251 949 1452 1013 delectentur.

410 1080 566 1164 Quodque
591 1100 689 1164 quum
714 1081 853 1144 maxime
874 1080 956 1143 hanc
980 1080 1160 1162 opinionem
1185 1076 1372 1140 confirmare
1391 1075 1478 1137 vide-

363 1212 425 1289 tur,
448 1206 597 1271 Lucanus
611 1207 633 1286 ²)
657 1212 764 1269 narrat
785 1224 852 1268 rem
875 1206 951 1268 huic
974 1204 1174 1287 aliquatenus
1198 1203 1342 1284 similem,
1363 1201 1476 1264 ducem

365 1333 593 1416 Pompeianum
619 1338 745 1415 captum
765 1331 803 1394 ad
824 1328 988 1394 Caesarem
1008 1330 1149 1411 ductum,
1169 1329 1359 1412 captivitatis
1378 1329 1478 1409 impa-

364 1461 503 1541 tientem,
533 1459 567 1520 id
597 1459 767 1541 egissent
792 1456 924 1519 audacia
947 1454 1089 1519 Caesaris
1114 1457 1192 1518 iram
1218 1457 1360 1517 moveret
1382 1456 1414 1516 et
1437 1451 1476 1514 ab

366 1603 402 1648 oo
425 1583 661 1647 interficeretur.
687 1581 895 1644 Conseruntur
918 1581 1001 1644 inter
1020 1599 1088 1644 sese
1111 1580 1144 1641 hi
1165 1579 1247 1642 looi:

409 1709 462 1774 Sil.
486 1709 557 1772 VII.
584 1711 633 1772 33.
661 1708 724 1771 Hic
746 1707 891 1790 (Cilnius)
915 1708 1028 1771 ardens
1052 1711 1192 1771 extrema
1216 1707 1316 1788 malis,
1339 1709 1370 1769 et
1391 1725 1478 1768 rum-

1199 1851 1273 1914 poro
1295 1832 1410 1895 vitam:

410 1973 459 2035 69.
484 1971 586 2047 Quem
609 1992 742 2037 cernens
766 1972 895 2035 avidum
918 1972 972 2036 leti
995 1977 1066 2055 post
1089 1971 1164 2035 talia
1185 1971 1322 2034 Poenus.
1347 1976 1404 2034 etc.

280 2089 282 2094 ³
364 2109 439 2173 Luc.
463 2109 503 2172 H.
529 2111 601 2172 511.
758 2081 806 2155 -Ὶ
826 2146 866 2154 -
890 2108 992 2172 Vultu
1015 2114 1121 2174 tamen
1144 2110 1206 2172 alta
1228 2109 1344 2172 minaci

627 2235 782 2298 Nobilitas
805 2240 890 2298 recta
912 2234 1031 2298 ferrum
1054 2235 1175 2299 cervice
1195 2235 1344 2317 poposcit.

627 2359 692 2423 Scit
712 2359 826 2422 Caesar
844 2378 1043 2442 poenamque
1061 2361 1134 2442 peti,
1154 2360 1344 2441 veniamque
1363 2357 1479 2421 timeri.

410 2496 556 2562 Ceterum
586 2496 699 2561 Caesar
722 2497 829 2560 Poeno
851 2499 1067 2580 praestantior.
1090 2496 1153 2559 Hic
1175 2498 1260 2560 enim
1282 2496 1381 2579 parcit
1402 2495 1479 2558 libe

363 2626 431 2687 rius
455 2625 608 2706 loquenti,
631 2643 695 2706 quo
718 2625 818 2707 magis
843 2643 917 2687 eum
941 2628 1043 2706 vexet,
1066 2623 1120 2687 ille
1143 2627 1252 2686 contra
1276 2626 1312 2686 ut
1334 2621 1476 2705 partibus

363 2750 455 2811 victis
479 2749 521 2811 sit
540 2746 634 2810 bona*
647 2766 717 2830 spes
742 2747 861 2812 salutis.

406 2873 460 2937 Re'
486 2875 584 2956 igitur
619 2872 657 2935 ab
689 2875 776 2936 omni
806 2880 894 2957 parte
925 2875 1121 2938 considerata
1150 2893 1216 2936 non
1248 2872 1357 2936 dubito
1381 2871 1476 2935 fidem

362 2999 543 3061 historicam
573 2999 649 3061 huic
677 2997 745 3061 loco
774 2999 813 3062 de
837 2997 939 3062 Cilnio
962 2999 1150 3080 abiudicare,
1173 3016 1312 3080 eumque
1334 2998 1370 3059 in
1393 3015 1479 3060 oom-

363 3130 544 3187 mentorum
566 3125 760 3206 poeticorum
784 3143 915 3189 censum
937 3125 1060 3190 referre.
1346 3109 1348 3112 ⁵

406 3251 589 3332 Antequam
623 3251 663 3313 ad
697 3250 758 3314 alia
790 3255 924 3334 transeo,
953 3251 1030 3316 libet
1060 3252 1138 3314 mihi
1166 3251 1321 3315 lectorum
1354 3251 1476 3316 animos

363 3376 525 3440 advertere
547 3377 587 3440 ad
610 3376 716 3440 locum
735 3398 838 3441 uuum
857 3379 891 3441 in
913 3377 1005 3441 Cilnii
1025 3379 1212 3460 narratione,
1226 3378 1290 3441 scil.
1303 3397 1348 3441 vs.
1362 3379 1413 3440 45.
1426 3378 1478 3440 46.

371 3578 373 3583 ,
471 3505 681 3577 Tercentum
703 3515 849 3579 exsiliare
872 3515 984 3580 duces:
1009 3533 1203 3599 quocunque
1225 3514 1337 3578 liberet

472 3638 545 3702 Uno
569 3659 632 3703 non
655 3641 789 3724 pavidus
811 3644 950 3706 rexisses
975 3642 1055 3706 bella
1079 3642 1235 3704 ministro.

408 3763 529 3868 Similia
563 3769 765 3850 agnoscimus
793 3768 877 3850 apud
905 3765 1034 3832 Livium
1047 3767 1087 3848 3);
1124 3786 1288 3849 „quorum
1320 3767 1396 3847 (soil.
1419 3766 1478 3830 Fa-

361 3888 498 3970 biorum)
522 3893 681 3955 neminem
704 3892 817 3957 ducem
840 3891 1035 3977 sperneros”,
1059 3897 1089 3956 ot
1113 3893 1196 3976 apud
1220 3890 1369 3956 Ovidium
1385 3891 1427 3974 4);

394 4072 421 4137 l)
441 4073 477 4123 De
493 4075 542 4124 hac
557 4091 585 4126 re
603 4077 634 4127 cf.
652 4078 684 4142 ll,
702 4076 751 4128 327
760 4093 816 4143 sqq.

394 4166 421 4230 2)
440 4168 472 4230 ll,
489 4166 537 4217 511
548 4183 603 4234 sqq.

393 4255 420 4322 3)
439 4259 472 4322 ll,
489 4257 527 4308 ro.

394 4347 420 4413 d)
439 4349 507 4400 Fast.
524 4351 556 4418 ll,
568 4349 624 4415 199,
642 4351 699 4402 200.
