3360 5116
885 520 927 583 66

348 747 415 793 rem
447 733 478 794 et
507 729 624 793 famam
646 729 802 795 bonorum
827 731 964 813 primum
989 732 1022 793 in
1045 731 1187 795 notitiam
1212 731 1329 814 populi,
1352 731 1464 796 deinde

348 852 388 915 ad
409 853 544 918 honores
566 853 739 937 pervenit.”
764 853 844 917 Ibid.
868 855 917 917 38.
940 855 1024 937 9(ex
1036 857 1177 919 oratione
1188 854 1311 939 Pauli):
1329 855 1465 937 „Mirari

349 997 391 1061 se,
415 980 500 1062 quod
524 981 580 1062 qui
604 979 681 1061 dur,
703 963 893 1063 priusquam
916 985 972 1044 aut
995 1000 1090 1044 suum
1114 985 1169 1044 aut
1187 981 1326 1045 hostium
1347 983 1466 1054 exerei-

351 1111 429 1189 tum,
462 1107 605 1170 looorum
640 1108 747 1188 situm,
781 1111 927 1170 naturam
962 1108 1101 1190 regionis
1136 1111 1252 1189 nosset,
1281 1109 1344 1171 iam
1380 1127 1466 1171 nuno

349 1236 475 1315 togatus
509 1233 543 1295 in
573 1231 653 1296 urbe
684 1233 787 1314 sciret,
819 1251 900 1315 quae
931 1230 991 1296 sibi
1014 1232 1136 1316 agenda
1159 1237 1279 1296 armato
1302 1232 1414 1312 forent,
1436 1238 1467 1296 et

350 1358 433 1421 diem
458 1377 586 1441 quoque
608 1355 786 1441 praedicere
808 1363 924 1450 posset,
948 1378 1012 1442 quo
1032 1378 1104 1422 oum
1125 1359 1214 1423 hoste
1234 1359 1466 1442 signiseollatiS

350 1488 433 1548 esset
453 1483 690 1547 dimicaturus.''
709 1482 789 1553 Ibid.
812 1485 862 1546 34.
876 1484 912 1546 2:
930 1482 981 1564 „u
992 1482 1136 1547 Terentio
1148 1483 1294 1560 Varroni,
1307 1502 1402 1566 quern
1416 1485 1468 1547 sui

351 1611 476 1692 generis
494 1610 665 1691 hominem,
683 1609 766 1693 plebi
787 1611 993 1674 insectatione
1008 1611 1188 1694 principum
1199 1609 1468 1694 popularibusque

353 1733 474 1798 artibus
497 1735 707 1812 conciliatum,
727 1733 765 1798 ab
787 1734 821 1810 Q.
841 1735 930 1799 Fabii
949 1734 1063 1819 opibus
1084 1741 1115 1800 et
1134 1736 1297 1800 dictatorio
1309 1735 1468 1819 triumpho

357 1878 512 1924 oonousso
546 1859 650 1923 aliena
685 1860 805 1923 invidia
836 1859 1062 1944 splendentem,
1093 1861 1211 1944 vulgus
1241 1860 1405 1924 extrahere
1427 1860 1468 1923 ad

355 1985 556 2050 consulatum
580 1984 761 2050 nitebatur”
785 2024 827 2032 -
852 2023 893 2032 -

398 2110 451 2175 Sil.
474 2110 565 2174 VIII.
589 2113 671 2174 244:

599 2236 706 2301 Saevit
728 2238 793 2300 iam
815 2237 926 2300 rostris
949 2236 1051 2300 Varro
1077 2273 1119 2282 -
1145 2273 1186 2282 —

399 2360 466 2424 Liv.
496 2361 605 2425 XXII.
639 2363 688 2425 38.
720 2362 747 2424 6.
776 2410 790 2442 „
803 2360 982 2444 Contioneq
1004 2362 1192 2445 priusquam
1216 2359 1255 2423 ab
1280 2358 1358 2423 urbe
1381 2360 1471 2442 signa

358 2494 570 2571 moverentur,
594 2488 743 2553 Consulis
768 2485 919 2553 Varronis
942 2488 1061 2552 multae
1083 2507 1120 2550 ao
1141 2487 1261 2551 feroces
1283 2483 1400 2549 fuere.''

399 2615 629 2697 Heynaoherus
672 2615 712 2678 ad
746 2616 832 2679 huno
866 2616 973 2679 locum
985 2614 1025 2697 l):
1061 2612 1194 2695 „Silius’
1230 2611 1471 2676 Charaoteristilr

356 2741 411 2804 der
442 2739 584 2805 Oonsuln
614 2740 772 2804 Aemilius
803 2739 925 2804 Paulus
951 2739 1018 2803 und
1039 2738 1205 2803 Terentius
1226 2737 1328 2800 Varro
1352 2737 1472 2800 stimmt

357 2868 415 2929 mit
443 2865 554 2930 Livius
585 2865 726 2930 tiberein.
757 2864 915 2929 Letzterer
936 2864 1014 2948 folgt
1036 2865 1105 2928 hier
1127 2864 1244 2928 wieder
1268 2864 1355 2926 einer
1378 2863 1472 2924 rdini-

358 2993 453 3056 sohen
476 2989 801 3075 Annalistenquelle.''
826 2989 884 3054 Cui
907 2991 936 3053 si
959 2990 1162 3071 credereris
1182 3008 1356 3053 consensus
1376 3006 1473 3050 eausa

358 3126 406 3185 est
433 3120 504 3184 fons
539 3121 665 3204 utrique
695 3119 839 3202 scriptori
870 3118 1056 3181 communis.
1088 3115 1190 3179 Immo
1214 3134 1288 3178 vero
1312 3115 1470 3178 neminem

359 3247 421 3310 nisi
450 3247 554 3330 ipsum
588 3244 715 3308 Livium
753 3251 881 3308 secutus
916 3248 963 3307 est
996 3247 1096 3327 poeta,
1128 3246 1164 3306 ut
1193 3246 1277 3305 reete
1309 3242 1372 3303 iam
1394 3239 1475 3302 vidit

359 3368 552 3452 Bauerus²)‚
582 3371 676 3434 ouius
706 3374 891 3453 argumenta
920 3369 1041 3452 aliquot
1063 3369 1259 3453 argumentis
1282 3365 1473 3451 amplificare

361 3501 492 3560 conatus
524 3516 605 3560 sum.
629 3495 782 3558 Varronis
813 3495 910 3558 oratio
941 3494 981 3557 ad
1002 3493 1158 3578 populum
1181 3514 1198 3557 a
1220 3491 1312 3555 Livio
1336 3491 1476 3554 oratione

361 3621 490 3706 obliqua
519 3621 670 3704 redditur,
702 3621 787 3705 apud
815 3620 937 3702 Silium,
970 3621 1027 3704 qui
1055 3619 1152 3684 verba
1175 3620 1244 3683 eius
1267 3619 1359 3682 auxit
1381 3621 1476 3699 atque

362 3748 485 3830 extulit,
509 3752 545 3812 ut
572 3749 663 3812 toties
685 3751 778 3828 reeta,
801 3751 942 3810 ceterum
964 3747 999 3808 in
1022 3749 1158 3828 utraque
1181 3743 1307 3808 easdem
1330 3743 1476 3806 notiones

360 3875 545 3958 reperimus.

400 4179 424 4244 l)
443 4179 530 4245 Proqr.
546 4193 567 4229 c.
584 4177 601 4228 5
617 4179 631 4244 ᾖ
647 4178 687 4229 15.

397 4270 425 4336 2)
443 4287 467 4336 p.
485 4270 525 4321 lo.
