3364 5118
893 608 933 670 16

355 818 471 881 candes
504 823 656 900 occurrat,
690 822 726 882 ut
758 819 889 880 minime
922 816 1093 880 verisimile
1127 818 1175 898 sit,
1198 815 1314 881 Silium
1348 837 1465 881 nomen

357 933 509 994 senatoris
539 932 626 996 illius
650 931 925 1016 Carthaginiensis,
947 929 1136 993 Hannibalis
1158 929 1301 1013 partibus
1324 930 1468 1012 faventis,

357 1074 398 1119 ex
422 1057 589 1122 annalibus
612 1059 750 1140 antiquis
773 1057 957 1140 repperisse,
980 1060 1017 1118 ut
1038 1054 1108 1118 vult
1130 1055 1361 1136 Heynaoherus
1374 1055 1406 1136 1).

363 1269 366 1276 Ι
401 1181 440 1245 In
462 1188 549 1267 parte
571 1185 751 1267 posteriore,
772 1202 823 1247 res
846 1201 920 1246 vere
940 1182 1104 1246 historicas
1127 1183 1315 1264 continente,
1336 1181 1466 1245 demon·

358 1311 443 1391 strat,
473 1307 586 1373 Silium
618 1327 684 1371 non
713 1307 806 1370 modo
830 1326 894 1371 non
917 1327 935 1370 a
956 1305 1046 1370 Livio
1070 1306 1257 1391 discrepare,
1281 1306 1337 1370 sed
1360 1308 1466 1391 potins

358 1451 432 1497 eum
461 1432 527 1498 fere
557 1452 680 1516 semper
708 1437 780 1496 ante
803 1432 912 1496 oculos
935 1432 1093 1515 habuisse,
1116 1452 1349 1515 nonnunquam
1374 1433 1468 1496 etiam

358 1558 537 1642 Polybium,
564 1559 649 1643 quod
678 1558 908 1640 Heynacherus
937 1559 1055 1642 passim
1077 1558 1353 1622 vehementissime
1375 1576 1470 1641 nega-

358 1690 454 1750 verat.
496 1685 628 1749 Summa
668 1705 745 1748 cura
786 1685 863 1748 haec
903 1684 1082 1768 disquisitio
1124 1685 1239 1767 scripta
1273 1689 1331 1766 est,
1364 1702 1469 1767 neque

359 1811 468 1875 dubito
492 1811 570 1894 quin
592 1815 702 1874 auctor
724 1812 840 1894 optime
862 1810 901 1874 de
918 1809 1118 1910 illustrandis
1141 1807 1334 1872 difficillimis
1358 1828 1470 1892 quaes·

358 1935 499 2000 tionibus
523 1937 657 1999 meritus
679 1936 727 1999 sit.

402 2060 512 2126 Restat
537 2066 574 2125 ut
595 2081 696 2145 pauca
718 2060 820 2124 dicam
844 2060 883 2124 de
904 2060 1010 2124 libello
1032 2061 1258 2145 insignissimo,
1282 2062 1374 2125 cuius
1396 2079 1469 2124 auc-

359 2190 409 2250 tor
442 2186 692 2250 Sohlichteisenii
722 2187 862 2270 vestigiis
891 2187 1014 2268 institit,
1046 2205 1192 2270 eumque,
1217 2192 1252 2251 ut
1281 2188 1326 2250 ita
1358 2186 1471 2268 dicam,

359 2313 563 2376 continuavit.
586 2303 646 2376 Est
664 2313 839 2376 dissertatio
851 2309 1005 2375 Ludovici
1017 2311 1150 2376 Baueri:
1168 2311 1259 2393 „Das
1271 2312 1470 2377 Verhtiltniss

360 2437 416 2501 der
447 2437 570 2500 Punica
604 2437 658 2500 des
689 2436 787 2500 Silius
817 2436 947 2501 Italicus
974 2457 1033 2500 zur
1055 2437 1169 2501 dritten
1194 2436 1319 2501 Decade
1342 2438 1397 2501 des
1419 2435 1470 2499 Li·

359 2561 453 2626 vius’'
467 2562 498 2642 2).
527 2560 613 2624 Dum
644 2562 711 2643 ipse
741 2562 803 2624 iam
827 2563 860 2623 in
883 2565 975 2644 poeta
998 2566 1105 2624 nostro
1127 2561 1290 2625 tractando
1313 2562 1470 2643 versabar,

284 2657 287 2662 ¹
359 2688 411 2751 hic
439 2687 520 2750 liber
548 2687 673 2770 prodiit,
704 2705 808 2770 neque
836 2687 954 2770 exigua
983 2706 1059 2750 cura
1084 2706 1134 2751 me
1158 2687 1327 2750 sollicitum
1351 2686 1470 2768 habuit,

359 2830 400 2874 ne
422 2811 501 2873 mibi
524 2811 569 2873 nil
590 2810 705 2894 reliqui
725 2810 857 2874 fecisset.
882 2809 962 2874 Cum
987 2830 1060 2874 vero
1084 2813 1189 2895 ipsum
1212 2811 1354 2876 libellum
1377 2812 1470 2894 legis·

360 2955 426 3000 sem
450 2941 545 3018 atque
566 2936 757 3019 relegissem,
777 2937 937 3020 paulatim,
958 2937 1043 3019 quod
1062 2938 1140 3000 mihi
1158 2939 1376 3021 gratissimum
1395 2942 1470 3018 erat,

359 3062 576 3143 animadverti,
598 3081 665 3125 rem
687 3061 831 3125 nondum
849 3081 978 3146 prorsus
998 3063 1183 3127 exhaustam
1203 3057 1356 3136 essenec'
1370 3082 1471 3146 pauco

359 3187 437 3250 mihi
471 3186 580 3251 relicta
614 3206 691 3269 esse,
722 3206 803 3270 quae
834 3187 874 3250 ad
904 3187 1017 3251 Silium
1036 3188 1262 3252 illustrandum
1287 3190 1471 3254 conferrem.
1556 3267 1559 3273 Ι

359 3312 405 3376 Ut
427 3311 713 3393 Schliohteisenius,
732 3314 776 3376 ita
794 3312 938 3376 Bauerus
952 3332 1088 3396 quoque,
1100 3315 1263 3377 materiam
1275 3314 1382 3378 divisit
1393 3315 1471 3379 dua·

360 3437 421 3501 bus
440 3437 592 3521 partibus,
613 3457 750 3520 quarum
770 3438 867 3500 altera
878 3438 917 3501 de
929 3437 1138 3521 discrepantia
1151 3441 1224 3522 agit,
1236 3440 1333 3504 altera
1345 3441 1384 3505 de
1396 3461 1469 3504 oon-

359 3563 506 3645 gruentia
527 3564 610 3626 inter
628 3561 741 3626 Silium
761 3567 792 3626 et
802 3561 929 3626 livium
943 3563 1163 3628 intercedente.
1176 3563 1257 3647 Non,
1270 3571 1306 3629 ut
1318 3565 1470 3631 8111111111-

360 3687 508 3768 cisenius‚
521 3687 597 3750 satis
617 3685 728 3749 babuit
740 3697 842 3749 unum
854 3686 1001 3769 pluresve
1011 3687 1109 3752 libros
1122 3708 1217 3771 quam
1230 3690 1470 3774 diligentissime

359 3813 559 3896 perscrutari,
583 3812 639 3875 sed
662 3812 898 3894 disquisitiones
922 3833 979 3896 per
1002 3833 1111 3879 omnes
1130 3817 1352 3900 septemdecim
1371 3818 1469 3882 libros

361 3939 511 4021 extendit,
540 3939 636 4021 idque
670 3957 707 4002 ea
735 3938 894 4022 religione,
919 3945 955 4004 ut
977 3960 1102 4005 summo
1125 3942 1331 4007 admiratione
1354 3944 1470 4028 dignus

360 4063 439 4126 mihi
462 4062 614 4126 videatur.

361 4193 507 4203 ———-

393 4247 420 4312 1)
439 4247 526 4313 Progr.
543 4246 584 4297 17.
601 4245 641 4297 19.

394 4337 422 4404 2)
439 4336 663 4404 Erlangen,1883.
