3364 5118
918 619 937 680 2

285 831 287 834 ’
365 847 443 910 cam,
471 827 627 891 coloniam
657 824 835 890 Romanam
868 828 903 889 in
925 828 1089 911 provincia
1112 827 1238 892 Baetica
1250 828 1282 910 1),
1306 829 1359 892 alii
1383 827 1481 893 Ocni-

364 952 455 1016 nium
468 952 500 1033 9),
522 950 729 1034 Peligncrum
749 955 853 1033 caput,
873 952 926 1030 cui
944 951 1017 1014 urbi
1028 951 1154 1015 italicae
1166 972 1283 1016 nomen
1294 953 1479 1036 impositum

364 1097 433 1144 esse
465 1077 538 1141 belli
562 1076 686 1141 socialis
709 1076 914 1164 temporibus
930 1081 1032 1147 ¹testes
1056 1082 1132 1142 sunt
1154 1077 1274 1142 Strabo.
1298 1077 1336 1141 V.
1363 1079 1424 1141 167
1449 1085 1481 1143 et

363 1203 507 1268 Velleius
529 1202 717 1268 Patercrdus
739 1202 780 1265 II.
807 1203 856 1266 16.
890 1271 893 1276 ,

408 1328 475 1393 Sub
497 1327 624 1393 Nerone
642 1327 795 1390 invidiam
815 1327 876 1392 sibi
894 1326 1059 1391 conflavit:
1073 1328 1260 1393 credebatur
1271 1329 1356 1394 enim
1368 1335 1479 1415 sponte

363 1455 571 1532 accusavisse,
594 1454 615 1516 i.
628 1473 653 1518 e.
674 1453 821 1518 delatoris
844 1471 976 1518 munere
993 1454 1124 1518 functus
1135 1473 1205 1519 esse
1216 1455 1249 1536 3).
1260 1455 1348 1518 Inter
1361 1456 1478 1518 amicos

363 1580 425 1645 fuit
454 1580 584 1663 Vitellii,
608 1599 671 1664 quc
701 1580 843 1664 principe
866 1579 1066 1643 consulatum
1092 1580 1224 1663 adeptus
1247 1585 1296 1644 est
1319 1582 1412 1660 (anno
1437 1579 1478 1642 68

363 1726 393 1790 p.
427 1705 497 1770 (ihr.
530 1709 583 1787 n).
619 1705 738 1770 Consul
771 1705 915 1770 interfuit
946 1705 1065 1769 Vitellii
1096 1707 1236 1770 sermoni
1266 1725 1338 1769 eum
1369 1705 1478 1770 Flavio

363 1832 490 1915 Sabino,
512 1833 701 1916 Vespasiani
722 1831 826 1914 fratre,
844 1832 883 1896 de
901 1851 978 1915 pace
996 1833 1214 1915 componenda
1225 1834 1259 1913 4).
1273 1832 1335 1895 Pro
1349 1830 1480 1895 consule

363 1959 460 2023 Asiae
482 1959 608 2023 laudem
632 1959 808 2022 industriae
828 1958 1093 2040 innocentiaeque
1116 1956 1176 2021 sibi
1200 1958 1400 2041 comparavit.

408 2084 622 2149 Suadentibus
653 2084 745 2148 annis
775 2085 904 2148 secessit
933 2085 968 2146 in
999 2081 1211 2165 Campaniam,
1234 2081 1290 2145 ubi
1313 2101 1416 2166 usque
1440 2082 1479 2146 ad

366 2213 510 2293 mortem,
545 2229 641 2294 quam
676 2207 861 2272 insanabilis
891 2207 1034 2271 vulneris
1056 2206 1159 2270 taedio
1181 2206 1393 2270 voluntariam
1417 2206 1479 2271 sibi

365 2336 519 2398 conscivit
544 2337 638 2417 (anno
665 2335 725 2397 101
751 2355 779 2417 p.
800 2331 870 2396 Chr.
891 2334 941 2414 n),
961 2334 1023 2396 ctio
1036 2351 1109 2396 cum
1123 2332 1274 2416 dignitate
1285 2332 1410 2397 fruetus
1421 2338 1475 2397 est.
1499 2389 1502 2394 .

408 2459 497 2524 Haec
518 2459 583 2525 fere
606 2466 690 2542 suut,
715 2478 797 2543 quae
816 2459 855 2522 de
875 2458 951 2523 Silio
970 2457 1097 2548 Plinius
1108 2457 1200 2521 nobis
1213 2457 1349 2521 tradidit.
1361 2456 1479 2539 Restat,

365 2592 401 2650 ut
423 2605 524 2670 pauca
545 2585 699 2649 Martialis
719 2584 757 2648 de
776 2588 884 2648 nostro
904 2581 1231 2647 testimoniaafferam.
1243 2580 1346 2658 Quam
1357 2585 1479 2666 magni-

302 2767 308 2781 .
363 2711 577 2776 licentissimis
600 2716 703 2795 potest
725 2710 829 2775 verbis
852 2730 924 2774 eum
945 2709 1076 2791 extollit,
1097 2708 1182 2793 quod
1202 2710 1334 2773 minime
1346 2710 1478 2791 mireris,

365 2838 393 2901 si
414 2842 541 2920 reputes
565 2836 679 2901 Silium
703 2836 991 2921 oprdentissimum
1013 2834 1189 2900 Martialem
1212 2842 1320 2900 contra
1343 2855 1478 2921 pauper-

364 2963 482 3026 rimum
505 2961 667 3027 hominem
688 2960 797 3026 fuisse.

408 3087 571 3152 Martialis.
595 3088 701 3172 Epigr.
723 3087 779 3150 IV.
806 3087 855 3150 14.
879 3087 945 3169 Sili,
969 3062 1163 3151 Castalidum
1183 3088 1280 3151 decus
1300 3107 1455 3152 scrcrum.

422 3211 494 3275 vu,
518 3212 569 3275 63.
588 3211 738 3295 Perpetui
761 3231 926 3294 nunquam
950 3213 1104 3276 moritura
1127 3211 1288 3275 volumina
1311 3210 1368 3276 Sili

596 3337 659 3414 Qui
680 3339 769 3422 legis,
792 3343 823 3402 et
845 3337 934 3401 Latia
956 3339 1095 3401 carmine
1118 3337 1215 3421 digna
1237 3342 1318 3421 toga.
1340 3343 1396 3402 etc.

407 3462 496 3526 VIII.
520 3428 571 3526 ac.
594 3463 743 3548 Augusto
766 3464 819 3547 pia
840 3468 913 3526 tura
934 3463 1144 3545 victimasque

593 3587 656 3651 Pro
679 3593 784 3652 vestro
808 3587 879 3652 date
902 3587 989 3670 silio,
1012 3585 1176 3650 Camenae.
1200 3591 1256 3650 etc.

408 3712 533 3777 Plinius
562 3718 671 3776 contra
696 3712 716 3775 l.
731 3712 751 3775 l.
779 3713 855 3776 dicit
881 3712 1078 3796 „Scripsisse
1102 3730 1176 3776 eum
1199 3711 1340 3775 carmina
1361 3710 1479 3775 maiore

363 3857 440 3902 cura
463 3858 559 3922 quam
582 3837 740 3923 ingenic.”

363 4006 508 4016 —-—.

393 4096 420 4164 l)
439 4097 542 4148 Teuffel.
560 4097 650 4148 Gesch.
665 4097 690 4148 d.
707 4099 771 4147 rdm.
788 4097 837 4149 Lit.
854 4095 912 4162 320,
930 4096 955 4147 2.

394 4187 421 4254 2)
440 4188 475 4240 Cl.
493 4188 594 4239 Cellarii
610 4189 714 4240 Dissert.
731 4189 762 4240 de
779 4189 806 4240 (2.
824 4189 885 4240 Silio
901 4190 996 4240 Italico.
1013 4190 1026 4254 5
1049 4187 1124 4240 3-7.

392 4277 420 4345 3)
439 4279 476 4330 Cf.
493 4279 617 4331 Cellarius
633 4281 659 4331 ll.
677 4279 747 4346 519.
766 4281 843 4331 Plinii
861 4281 923 4346 Epp.
941 4282 986 4331 111.
1007 4278 1030 4331 7.

395 4370 423 4436 4)
441 4371 498 4424 Tac.
515 4371 580 4423 Hist.
597 4372 643 4426 Ill.
659 4370 701 4423 65.
