3364 5118
902 582 945 642 42

407 786 479 863 Quo
502 789 608 851 omnia
627 788 836 852 viridioribus
847 788 1006 852 coloribus
1016 789 1476 871 lectorumoeulisanimisque

362 911 613 994 obversarentur,
634 913 709 976 facit
738 919 831 997 poeta
853 913 1065 978 Hannibalem
1088 914 1258 977 consilium
1281 933 1378 977 suum
1401 933 1472 976 cum

362 1035 497 1121 Magone
527 1040 821 1103 communicantem.
849 1039 996 1104 Ceterum
1017 1045 1049 1103 et
1071 1038 1168 1102 verba
1189 1045 1221 1102 et
1242 1040 1378 1122 cogitata
1401 1058 1475 1102 cum

362 1159 505 1225 Liuianis
528 1169 717 1246 congruunt

405 1311 461 1376 Sil.
484 1312 557 1376 VII.
581 1314 663 1377 311:

480 1511 483 1516 ¹
762 1476 804 1485 —
828 1475 871 1484 —
893 1437 988 1502 latos
1010 1442 1152 1521 correpta
1173 1457 1230 1521 per
1252 1457 1345 1521 agros

493 1563 649 1626 Armenta
670 1562 802 1626 adsueto
824 1563 900 1627 belli
922 1563 961 1627 de
983 1582 1072 1627 more
1093 1569 1282 1646 sequuntur.

494 1686 650 1751 Cornibus
672 1693 796 1752 arentes
816 1689 938 1752 edicam
959 1690 1119 1752 innectere
1140 1707 1254 1769 ramos,

495 1814 715 1898 Sarmentique
736 1814 822 1879 leves
843 1815 940 1878 fronti
961 1815 1094 1898 religare
1117 1814 1281 1897 maniplos

405 1963 474 2028 Iiv.
503 1963 613 2030 xxn.
646 1965 695 2028 16.
728 1965 745 2027 7
781 1965 938 2045 „Fallaois
965 1964 1089 2028 consilii
1110 1964 1183 2028 talis
1205 1967 1375 2047 apparatrm
1398 1962 1476 2026 fuit:

361 2089 446 2154 laces
474 2089 618 2173 undique
646 2108 688 2154 ex
717 2091 801 2173 agris
829 2089 977 2152 collectae
1005 2088 1170 2172 fascesque
1192 2090 1356 2172 virgarum
1377 2093 1473 2171 atque

363 2213 443 2277 aridi
472 2215 622 2278 sumenti
651 2213 867 2298 praeligantur
879 2214 902 2294 1)
932 2212 1081 2277 cornibus
1103 2213 1211 2295 boum,
1234 2233 1315 2296 quos
1339 2213 1474 2276 domitos

363 2340 597 2423 indomitosque
613 2339 731 2403 multos
748 2340 833 2402 iuter
850 2344 985 2403 ceteram
1004 2343 1159 2422 agrestem
1170 2337 1318 2420 praedam
1330 2334 1467 2420 agebat”

406 2489 462 2553 Vs.
486 2491 548 2554 351
572 2491 618 2554 ita
639 2491 756 2574 pergit:

758 2652 799 2660 —
823 2651 866 2660 —
888 2613 1010 2698 Rapida
1032 2615 1097 2678 iam
1119 2613 1246 2678 subdita
1267 2619 1356 2698 peste

497 2740 653 2824 Virgulln,
676 2743 771 2824 atque
794 2740 866 2804 altis
890 2744 1027 2823 surgunt
1049 2759 1067 2804 e
1089 2739 1240 2803 cornibus
1261 2741 1360 2824 ignes.

496 2865 560 2929 Hic
581 2885 656 2930 vero
678 2871 724 2948 ut
745 2866 899 2950 gliscente
923 2864 1005 2928 malo
1028 2869 1060 2929 et
1083 2864 1309 2948 quassantibus
1332 2883 1427 2948 aegra

496 2991 659 3055 A1m0utis
682 2993 792 3074 capita,
815 2991 942 3055 adiutae
963 2992 1169 3075 pinguescere
1190 2989 1336 3054 flammae

496 3113 640 3198 Coepere,
664 3119 695 3178 et
717 3116 848 3178 vincens
869 3114 975 3178 fumos
997 3134 1162 3198 erumpere
1184 3119 1312 3178 vertex:

496 3239 560 3304 Per
580 3240 675 3304 colles
696 3240 884 3324 dumosque,
907 3240 988 3320 (lues
1011 3241 1076 3324 agit
1098 3243 1174 3320 atra)
1195 3258 1251 3323 per
1273 3238 1353 3303 altos

497 3365 611 3430 Saxosi
634 3366 781 3449 scopulos
804 3367 921 3429 montis
943 3363 1105 3449 lymphata
1126 3364 1273 3428 feruntur

500 3490 638 3576 Corpora
660 3491 773 3556 anhele
794 3491 902 3574 boum,
924 3497 1021 3575 atque
1044 3490 1182 3554 obsessis
1205 3489 1337 3554 naribus
1358 3490 1426 3574 igni

497 3615 674 3681 Luctantur
694 3615 814 3680 frustm
834 3615 936 3679 rabidi
959 3616 1083 3700 mugire
1104 3616 1240 3679 iuvenci

497 3741 560 3806 Per
581 3742 665 3826 iuga,
687 3760 744 3826 per
765 3741 863 3805 valles
886 3746 969 3806 errat
991 3741 1149 3804 Vulcania
1168 3741 1275 3824 pestis,

487 3867 665 3952 'Nusquam
689 3872 791 3932 stante
813 3867 905 3949 malo,
926 3868 1096 3950 vicinaque
1118 3867 1211 3930 litora
1231 3865 1362 3950 fulgent.

367 4023 398 4083 et
418 4017 486 4081 Liv.
505 4018 613 4082 ΧΧΙΙ,
633 4019 713 4082 17.1
731 4017 821 4100 „Ubi
831 4018 871 4082 ad
882 4019 1003 4083 radices
1015 4019 1170 4082 montium
1183 4018 1316 4100 viasque
1328 4021 1481 4101 angustas

399 4314 426 4379 l)
445 4314 476 4364 Iu
494 4316 535 4366 his
552 4316 636 4366 verbis
653 4331 745 4380 sequor
762 4314 880 4378 Madvigii
896 4315 1040 4365 lectionem.
