3364 5118
674 589 676 596 ’
717 551 768 655 ’43

185 805 324 864 ventum
355 794 414 883 est,
448 802 575 884 signum
610 800 768 884 extemplo
801 800 902 883 datur,
925 805 961 865 ut
992 803 1133 866 accensis
1156 801 1306 865 comibus

185 929 335 989 armenta
357 926 391 988 in
416 925 565 990 adversos
588 926 787 988 concitentur
807 929 939 1008 montes,
962 931 993 990 et
1015 931 1119 990 metus
1137 927 1206 1010 ipse
1223 926 1307 990 relu-

185 1050 293 1113 centis
316 1048 463 1113 flammae
486 1068 527 1113 ex
550 1051 651 1133 capite
673 1049 820 1132 calorque
843 1051 905 1113 iam
930 1050 969 1113 ad
991 1052 1103 1114 vivum
1121 1050 1162 1114 ad
1179 1051 1308 1135 imaque

186 1193 350 1239 cornuum
385 1175 558 1248 adveniens
588 1175 677 1239 velut
708 1174 887 1239 stimulatos
916 1175 1023 1240 furore
1047 1175 1111 1260 [Sil.
1134 1176 1307 1261 lymphata]

186 1299 306 1384 agebat
332 1299 436 1364 boves.
462 1298 532 1376 Quo
555 1305 684 1384 repente
706 1301 960 1365 discursu'haud
984 1320 1076 1366 secus
1099 1321 1194 1385 quam
1219 1303 1308 1367 silvis

185 1424 420 1508 montibusque
442 1427 582 1491 accensis
606 1426 713 1489 omnia
734 1427 854 1490 circum
878 1426 1014 1509 virgulta
1036 1427 1106 1489 visa
1124 1425 1263 1491 ardere'’.

186 1609 189 1614 ’
237 1601 292 1666 Sil.
316 1601 388 1664 VII.
413 1602 493 1665 367:

144 1709 148 1718 ’
283 1726 327 1789 At
347 1726 427 1790 facie
451 1725 556 1790 subita
579 1726 766 1790 volitantum
791 1725 953 1789 montibus
977 1724 1048 1789 altis

283 1849 506 1926 Flammarum,
529 1851 602 1933 quis
625 1854 703 1914 tunc
726 1851 839 1914 cecidit
860 1851 1004 1914 custodia
1027 1851 1105 1914 sorti

283 1976 421 2040 Horrere
442 2014 483 2022 -
508 2013 549 2023 -

193 2102 270 2202 3l5.
288 2139 421 2222 Iamque
443 2138 577 2228 abeunt3
601 2139 772 2223 faucesque
793 2141 864 2204 viae
886 2140 968 2203 citus
992 2144 1125 2222 occupat
1148 2097 1244 2202 armis

284 2263 422 2347 Poenus,
446 2270 477 2329 et
498 2266 533 2328 in
556 2265 682 2349 patulos
705 2265 870 2329 exsultans
892 2265 1007 2329 emicat
1030 2284 1130 2349 agros.

240 2427 308 2490 Liv.
342 2427 446 2492 XXlI.
479 2428 528 2491 17.
559 2429 580 2490 4
606 2425 695 2509 „Qui
725 2427 764 2490 ad
790 2428 958 2492 transitum
984 2427 1083 2491 saltus
1105 2426 1308 2491 insidendum

193 2552 291 2616 locati
320 2556 418 2634 erant,
439 2552 496 2616 ubi
518 2553 552 2616 in
576 2553 711 2617 summis
734 2552 896 2616 montibus
920 2571 956 2615 ac
980 2570 1132 2636 superse
1156 2551 1311 2635 quosdam

193 2679 288 2767 ignes
311 2696 513 2761 conspexere,
536 2665 769 2742 circumventos
793 2696 827 2741 se
850 2696 919 2742 esse
941 2678 1002 2740 rati
1023 2677 1180 2761 praesidio
1204 2695 1312 2740 exces-

195 2823 274 2868 sere.
297 2803 339 2867 Ilt
362 2805 464 2888 primo
487 2824 561 2867 cum
585 2803 696 2888 procul
719 2806 891 2884 cernerent
909 2802 1007 2865 veluti
1026 2800 1171 2865 flammas
1191 2802 1312 2884 spiran-

194 2931 277 2994 tium
301 2929 453 2993 miraculo
477 2930 600 2993 attoniti
623 2929 848 3007 constiterunt3
870 2927 991 3004 deinde,
1011 2931 1048 2991 ut
1067 2927 1312 3010 humanaappa·

194 3057 262 3119 ruit
286 3054 475 3137 frenatum
497 3073 572 3118 vero
594 3055 726 3118 insidias
750 3055 809 3117 rati
832 3072 910 3135 esse,
933 3072 1007 3116 cum
1031 3053 1149 3116 maiore
1170 3053 1313 3116 tumultu

198 3182 359 3246 concitant
392 3199 426 3244 se
458 3181 493 3242 in
525 3179 643 3264 iugem.
679 3181 706 3241 7.
740 3178 864 3242 Interea
899 3182 963 3242 tcto
997 3179 1123 3261 agmine
1151 3176 1314 3241 Hannibal

197 3307 382 3370 transducto
413 3324 470 3389 per
501 3305 616 3369 saltum
648 3309 678 3368 et
702 3303 894 3388 quibusdam
918 3303 1043 3386 inipso
1068 3303 1150 3367 saltu
1173 3303 1314 3367 hostium

196 3432 355 3514 oppressis
376 3431 410 3493 in
433 3449 507 3514 agro
529 3429 668 3493 Allifano
691 3435 792 3493 castra
813 3426 950 3513 posuit”.

241 3556 347 3621 Pacilo
379 3556 576 3640 intelligitur,
611 3560 642 3620 et
675 3554 804 3619 Livium
838 3558 869 3618 et
903 3553 1019 3618 Silium
1053 3554 1216 3635 rationem,
1251 3574 1315 3637 qua

197 3683 359 3747 Hannibal
392 3681 489 3746 Fabio
523 3681 619 3746 verba
661 3682 789 3760 dederit,
823 3682 933 3765 paucis
953 3679 1138 3759 *admodum
1174 3681 1314 3764 exceptis

198 3808 309 3872 codem
346 3807 439 3870 modo
473 3825 610 3870 narrare.
641 3806 783 3871 Eandem
813 3824 879 3869 rem
914 3809 1044 3868 narrant
1072 3803 1227 3886 Polybius
1256 3803 1314 3866 III.

200 3936 249 3998 93.
274 3935 325 4010 94,
346 3934 514 4017 Appianas
533 3931 671 3997 Hannib.
693 3934 744 4015 14,
765 3932 955 3996 Plutarchus
974 3929 1048 3993 Pab.
1061 3929 1145 3993 Max.
1159 3930 1188 4011 6,
1199 3928 1316 4028 Nepos

199 4057 368 4122 Hannibal.
401 4059 428 4120 5.
452 4058 519 4141 (qui
548 4061 654 4121 tamen
676 4057 758 4120 hanc
779 4075 845 4120 rem
868 4060 940 4140 post
963 4053 1161 4120 Cannensem
1188 4055 1315 4119 demum

200 4183 320 4247 cladem
349 4183 452 4266 locat),
481 4187 512 4247 et
542 4184 676 4247 similem
706 4201 772 4246 rem
804 4182 842 4246 de
871 4183 1014 4266 Aegiraa
1038 4180 1195 4244 Achaicae
1218 4179 1316 4263 urbis,

201 4308 312 4372 incolis
341 4308 518 4373 Pausanias
549 4308 676 4371 Achaia.
709 4308 760 4370 26.
791 4306 946 4388 Polybius
977 4327 996 4369 a
1027 4307 1139 4370 ceteris
1162 4305 1318 4389 discrepat
1424 4400 1428 4406 1
