3364 5118
759 564 778 626 9
906 541 909 547 .

317 774 360 837 At
382 771 502 854 Libyae
525 761 645 854 duotod,
668 771 816 836 Marcello
837 741 965 854 fractus,
988 779 1019 836 et
1041 775 1106 836 aori

316 897 475 962 Contusus
497 918 614 982 pugna
636 917 762 982 campos
787 898 958 980 damnarat,
981 903 1012 962 et
1034 919 1120 962 arma

314 1022 460 1087 Verterat
482 1023 521 1086 ad
544 1023 674 1087 miseras
696 1042 762 1086 non
784 1024 878 1105 aequi
900 1021 1011 1086 Martis
1034 1024 1178 1088 Acerras.
1201 1028 1257 1087 ete.

204 1197 333 1279 assequi
362 1215 427 1259 non
457 1216 595 1280 possum.
620 1195 733 1279 Verba,
757 1197 878 1281 opinor,
900 1198 1028 1281 vagiora
1051 1203 1135 1280 sunt,
1160 1218 1255 1281 quam
1280 1203 1318 1262 ut

204 1341 277 1385 cum
302 1322 366 1385 ullo
389 1326 473 1385 certo
495 1322 563 1385 loco
587 1322 670 1405 apud
694 1321 793 1386 alium
815 1327 939 1405 potitam
962 1324 1113 1406 coniungi
1136 1325 1267 1406 possint.

250 1447 397 1512 Ceterum
420 1449 562 1531 quaestio
585 1447 662 1511 haec
681 1466 786 1530 neque
806 1447 845 1511 ad
859 1467 939 1531 opus
950 1449 1026 1511 mihi
1040 1451 1236 1532 propositum
1247 1470 1317 1534 per·
1349 1451 1351 1458 '

205 1577 285 1640 tinet
319 1594 423 1658 neque
453 1575 665 1658 suspicionem
690 1593 817 1637 movere
840 1574 935 1638 velim
959 1594 1010 1639 me
1037 1574 1316 1658 diligentissimum

205 1700 339 1764 Wezelii
360 1699 501 1762 laborem
524 1688 634 1782 inique
658 1698 836 1762 detrectare.
860 1699 970 1762 Unum
995 1704 1090 1782 atque
1112 1700 1146 1762 id
1168 1701 1317 1765 ultimum

205 1825 388 1908 exemplum
430 1823 564 1888 sufficiet
596 1824 636 1887 ad
670 1823 953 1887 demonstrandum
987 1844 1052 1888 non
1085 1844 1208 1909 semper
1241 1845 1315 1890 eum

207 1970 340 2015 aureum
363 1950 444 2014 illud
465 1949 669 2034 proverbium
696 1968 765 2030 „ne
788 1949 866 2032 quid
888 1949 1005 2013 nimis”
1029 1948 1221 2014 observasse.

249 2097 278 2160 p.
313 2076 364 2138 44.
400 2073 567 2138 Contendit
596 2073 710 2138 Silium
739 2075 950 2138 narrationem
982 2075 1069 2138 illam
1094 2074 1132 2138 de
1154 2075 1254 2139 milite
1275 2095 1317 2139 ex

204 2202 314 2265 eastris
348 2200 529 2264 Poenorum
561 2199 704 2284 profugo,
738 2199 776 2262 ab
810 2201 912 2283 ipsius
944 2199 1010 2263 filio
1044 2200 1127 2284 apud
1157 2200 1317 2266 Romanos

206 2327 360 2391 militante
383 2327 599 2410 imprudenter
621 2325 793 2408 interfecto,
816 2347 897 2411 quae
916 2347 968 2391 res
984 2328 1103 2411 legitur
1113 2327 1171 2391 IX.
1186 2329 1226 2391 66
1240 2349 1318 2413 sqq„

204 2472 245 2516 ex
286 2452 391 2515 Ennio
434 2452 674 2535 deprompsisse,
708 2452 748 2516 ad
791 2452 877 2536 quod
912 2453 1164 2517 confirmandum
1199 2452 1319 2518 confert

204 2577 300 2642 verba
322 2577 419 2640 Ennii
443 2578 549 2660 (283);
648 2576 649 2580 ’

315 2752 440 2817 Cartare
462 2751 576 2817 abnuo.
598 2752 706 2818 Metuo
729 2754 908 2838 legionibus
931 2755 1041 2819 labem.

205 2948 277 2992 cum
302 2928 351 2991 his
375 2927 520 2992 versibus
543 2927 686 2992 Silianis:

315 3140 356 3149 -
380 3140 422 3150 -
445 3103 618 3186 Poenoque
640 3108 734 3187 neget
756 3105 928 3168 certamina
951 3103 1069 3169 Martis.

447 3267 489 3276 -
513 3267 555 3276 -
579 3249 707 3313 quaeso,
730 3230 873 3294 cohibete
895 3229 1054 3294 furentem

314 3355 490 3419 Varronem
514 3393 556 3402 -
580 3393 622 3401 -

446 3517 487 3526 —
513 3518 554 3527 -
578 3518 620 3527 -
642 3479 718 3564 fuge
740 3482 867 3564 proelia,
889 3481 1008 3545 Varro!

248 3655 400 3719 Pluribus
423 3655 538 3738 verbis,
562 3677 657 3740 quam
681 3676 794 3740 parum
818 3658 887 3720 veri
912 3656 1024 3720 similis
1043 3657 1120 3720 haec
1140 3657 1320 3720 coniectura

204 3783 254 3864 sit,
278 3781 493 3846 demonstrare
516 3801 787 3865 supervacaneum
812 3782 912 3846 videri
935 3785 1045 3866 potest.

247 3907 343 3970 Anno
376 3907 462 3970 1844
492 3906 607 3989 prodiit
637 3906 728 3970 Halis
760 3906 936 3971 dissertatio
968 3907 1146 3971 academica
1170 3906 1320 3971 Guilelmi

206 4031 358 4115 Cosaclrii,
389 4035 442 4096 eui
473 4032 603 4097 titulus:
630 4031 836 4108 Quaestiones
860 4033 1005 4097 Silianae.
1029 4033 1152 4096 Auctor
1172 4035 1320 4118 proponit

203 4157 264 4222 sibi
286 4159 426 4242 probare,
444 4159 528 4223 'Silio
551 4177 676 4222 omnem
701 4160 917 4223 auctoritatem
938 4160 1119 4223 historicam
1133 4159 1319 4224 abiudiean·

204 4285 275 4350 dam
299 4304 376 4352 esse.
400 4285 509 4349 Primo
531 4287 641 4368 capite,
663 4306 693 4369 p.
719 4285 826 4349 1-16
850 4286 915 4375 agit
938 4285 977 4354 de
999 4287 1121 4351 ratione
1144 4305 1181 4350 ao
1200 4304 1320 4368 norma,
