3360 5116
882 587 923 648 74

338 793 457 858 Eodem
492 795 585 858 modo
617 794 767 859 laudibus
798 796 921 859 extollit
956 796 1134 880 Vergilium
1147 796 1170 878 1)
1202 801 1234 860 et
1263 795 1451 881 Ennium2),

339 919 395 982 ubi
424 917 653 999 Heynacherus
667 919 689 1001 3)
721 920 957 985 animadvertit:
993 919 1101 1001 „Dass
1129 919 1226 985 Silius
1249 921 1306 985 der
1327 921 1453 987 Ennius

338 1043 544 1107 verherrlicht
585 1043 632 1108 als
673 1044 910 1109 Nachlrommen
947 1045 1002 1108 des
1036 1043 1160 1128 K‘onigs
1193 1043 1369 1130 Messapus
1404 1047 1450 1111 als

338 1167 461 1252 tapiern
494 1171 674 1234 romischen
706 1169 855 1235 Centurio
887 1170 955 1234 und
982 1175 1087 1234 ersten
1110 1171 1292 1235 nationalen
1315 1170 1453 1255 Dichter,

339 1292 476 1374 beweist,
508 1294 580 1358 dass
611 1314 645 1359 er
675 1296 732 1358 ihn
761 1315 866 1379 genau
892 1295 1033 1379 gehannt
1056 1296 1124 1359 und
1145 1296 1254 1361 besser
1276 1298 1456 1382 gewiirdigt

338 1421 401 1502 hat,
434 1420 480 1485 als
515 1421 566 1485 die
595 1423 730 1485 meisten
760 1423 864 1485 seiner
894 1420 1148 1505 Zeitgeucssen,”
1176 1428 1207 1486 et
1237 1423 1332 1506 paulo
1355 1423 1454 1488 infra:

343 1545 541 1627 ,Sioherlioh
573 1549 616 1611 ist
649 1547 731 1610 auch
761 1546 887 1614 Ennius
916 1566 980 1609 von
1014 1545 1112 1611 Silius
1136 1547 1270 1611 vielfach
1293 1547 1455 1613 benutzt.''

340 1672 449 1738 Simile
472 1674 510 1738 de
534 1674 683 1738 Cicerone
706 1673 783 1737 dicit
805 1673 967 1737 Wezelius
990 1694 1019 1757 p.
1043 1674 1094 1735 47.

384 1799 485 1864 Multa
516 1819 590 1864 vera
619 1801 695 1864 huic
725 1802 991 1884 argumentationi
1019 1801 1127 1864 inesse
1150 1798 1286 1866 libenter
1309 1801 1455 1865 concedo.

338 1925 408 2008 Ego
435 1944 563 2008 quoque
586 1925 678 1988 credo
702 1943 775 1988 cnm
799 1923 941 1988 Ennium
963 1929 1032 1988 tum
1056 1923 1239 1988 Ciceronem
1264 1944 1328 1989 non
1352 1926 1456 1990 solum

339 2051 467 2114 novisse
502 2049 616 2114 Silium
649 2050 704 2114 sed
734 2051 829 2113 etiam
857 2051 1017 2114 imitatum
1045 2069 1122 2114 esse.
1149 2049 1257 2125 Quum
1279 2070 1356 2115 vero
1378 2052 1455 2116 haec

340 2175 458 2238 diceret
475 2173 714 2256 HeynacheruS,
734 2193 797 2237 non
818 2175 983 2257 intellexit,
1002 2194 1036 2238 se
1054 2176 1161 2259 ipsum
1181 2177 1362 2259 opinionem
1374 2195 1452 2259 eam,

339 2303 393 2365 cui
414 2302 615 2384 potissimum
637 2300 730 2383 favet,
753 2301 879 2384 penitus
902 2300 1077 2385 profligare.
1102 2300 1187 2376 Quid
1209 2293 1294 2366 enim
1316 2305 1454 2387 magice

340 2432 581 2491 rerum'natura
599 2433 856 2510 consentaneum,
876 2447 972 2511 quam
994 2432 1029 2491 ut
1040 2431 1141 2511 poeta,
1153 2429 1181 2491 si
1191 2447 1226 2492 re
1237 2447 1312 2492 vera
1323 2429 1454 2493 Fabium

339 2552 496 2617 Pictorem
520 2572 576 2635 pro
599 2552 686 2616 fonte
710 2551 882 2635 habuisset,
901 2554 1035 2636 primam
1049 2572 1210 2637 quamque
1222 2553 1359 2618 hominis
1370 2555 1456 2617 illius

340 2678 472 2740 carmini
490 2677 651 2741 inserendi
671 2678 867 2741 occasionem
890 2678 1071 2741 avidissime
1092 2679 1250 2761 arriperet,
1272 2679 1358 2761 quod
1370 2679 1455 2743 vide-

341 2821 413 2865 mus
436 2820 510 2865 eum
533 2821 598 2865 non
622 2802 760 2866 fecisse?
783 2801 864 2865 Nam
887 2801 940 2866 Sil.
960 2801 1035 2865 XII.
1057 2804 1120 2866 320
1133 2823 1201 2887 sqq.
1213 2810 1361 2868 narratur
1370 2806 1453 2888 lega·

340 2931 389 2991 tos
409 2926 548 3010 Delphos
570 2928 686 2990 missos
708 2927 826 2991 laetum
849 2927 888 2991 de
907 2926 981 2990 belli
1001 2929 1089 2992 exitu
1108 2930 1259 3020 nuntium
1278 2931 1453 2994 rettulisse:

474 3052 609 3117 Addunt
632 3073 720 3137 spem
745 3055 869 3117 miseris
893 3054 1017 3150 dulcem
1040 3053 1193 3118 Parnasia
1216 3054 1326 3119 Cirrha

471 3179 637 3244 Portantes
662 3198 814 3263 responsa
837 3180 904 3242 viri.

386 3305 592 3369 Conferamus
615 3304 744 3369 Livium
766 3305 874 3369 XXII.
899 3306 949 3368 57.
975 3307 1002 3367 5.
1030 3353 1045 3386 „
1058 3304 1092 3380 Q.
1115 3304 1232 3369 Fabius
1257 3305 1364 3370 Pictor
1382 3305 1456 3370 Del·

339 3432 419 3514 phos
449 3431 489 3494 ad
511 3431 675 3494 oraculum
698 3432 817 3494 missus
840 3431 1044 3512 sciscitatum,
1067 3429 1184 3513 quibus
1207 3430 1355 3514 precibus
1379 3452 1454 3516 sup·

339 3556 507 3640 pliciisque
530 3557 605 3620 deos
628 3561 758 3640 possent
779 3554 932 3639 placare.”

384 3682 451 3746 Liv.
485 3682 610 3746 XXHI.
647 3683 696 3746 11.
731 3680 840 3764 ,Dum
865 3682 942 3745 haec
964 3686 1127 3765 geruntur,
1152 3680 1187 3756 Q.
1209 3682 1327 3748 Fabius
1349 3684 1456 3748 Pictor

340 3809 463 3892 legatus
498 3829 516 3871 a
550 3806 680 3891 Delphis
711 3807 845 3870 Romam
877 3807 977 3888 redit,
993 3826 1245 3892 responsumque
1274 3812 1455 3894 exscripto

340 3931 512 3998 recitavit.''

341 4073 485 4084 ...—.---

372 4151 400 4216 l)
418 4153 487 4203 Vlll.
505 4151 554 4202 593
563 4169 615 4218 sqq.

373 4243 400 4308 2)
419 4243 477 4293 XII.
494 4241 544 4293 393
553 4259 608 4309 sqq.

373 4330 400 4398 3)
419 4334 507 4400 Progr.
524 4351 548 4399 p.
565 4333 605 4384 50.
