3360 5116
731 582 770 644 91

182 794 314 859 turbato
348 794 496 860 medendi
522 814 618 858 causa
639 812 696 878 pro
720 796 762 857 et
786 795 917 858 vario
941 793 1150 859 substitutum
1173 800 1220 860 est
1242 817 1307 860 va·

182 939 363 1004 rroque

230 1163 288 1228 Sil.
311 1163 353 1228 X.
377 1165 436 1228 83:

321 1307 366 1380 At
385 1317 505 1379 coniux
527 1315 623 1398 Iovis,
646 1319 684 1380 ut
704 1315 843 1380 Paulum
869 1315 1023 1400 depellere
1048 1317 1140 1382 dictis

322 1440 551 1525 Nequidquam
573 1440 635 1505 fuit
656 1445 687 1504 et
709 1441 823 1505 consul
845 1461 910 1505 non
936 1441 1053 1506 desinit
1074 1444 1149 1508 irae.

231 1593 272 1656 In
296 1593 346 1657 his
370 1593 476 1658 verbis
498 1597 543 1657 ut
566 1598 597 1657 et
619 1597 729 1657 contra
751 1594 976 1678 grammaticae
997 1594 1124 1678 regulas
1143 1599 1174 1660 et
1198 1600 1307 1660 contra

189 1719 438 1784 concinnitatem
468 1720 614 1803 iungitur
637 1737 711 1782 cum
726 1715 875 1802 'tempore
898 1721 1075 1803 praesenti.
1089 1718 1204 1783 Omnia
1222 1725 1306 1786 recte

184 1849 291 1927 erunt,
325 1847 352 1910 si
385 1846 486 1930 leges:
521 1849 552 1909 et
585 1844 697 1908 consul
728 1863 794 1909 non
825 1844 998 1910 destitit
1022 1847 1096 1911 irae.
1120 1845 1164 1910 of.
1186 1847 1304 1932 Vergil.

189 1969 273 2034 Aen.
296 1968 337 2032 X.
365 1969 446 2032 441:
470 1973 596 2053 tempus
619 1968 769 2036 desistere
788 1973 922 2055 pugnae.

234 2218 289 2282 sil.
311 2217 387 2282 ΧΠ.
411 2220 493 2282 424;
594 2294 601 2308 .

520 2384 562 2393 -
587 2385 629 2393 -
653 2345 762 2410 Nihilo
785 2346 885 2411 levior
905 2365 966 2412 nec
988 2347 1113 2430 parcior
1134 2348 1189 2412 ira

233 2496 271 2560 N.
302 2495 458 2561 Heinsius
485 2499 570 2562 recte
591 2497 687 2560 irae.
711 2494 791 2559 Cum
814 2497 954 2580 genitivo
977 2494 1075 2560 Silius
1097 2497 1156 2560 hoo
1178 2497 1305 2561 adiecti·
1418 2549 1419 2555 ,

186 2643 267 2687 vum
290 2641 415 2706 semper
436 2623 550 2706 iungit,
575 2626 610 2685 ut
632 2620 702 2685 III:
725 2641 840 2707 parcus
863 2621 1304 2688 cruoris.cf.et.1ustin.V1.

186 2751 216 2812 8.
250 2748 286 2810 6:
319 2766 433 2831 parcus
463 2748 625 2831 pecuniae.
656 2745 741 2811 Suet.
771 2713 893 2812 Caesar.
917 2749 975 2810 53:
999 2749 1205 2831 parcissimus
1227 2750 1303 2813 vini.

185 2875 300 2939 Iustin.
322 2873 381 2938 XL
406 2875 446 2938 13
470 2893 585 2959 parcus
608 2876 720 2939 somni.

231 3131 285 3196 Sil.
307 3129 380 3195 XV.
403 3126 485 3195 430':

320 3281 409 3347 Circa
431 3282 531 3346 fracta
552 3283 656 3347 iacent
679 3301 879 3368 excussaque
900 3283 1059 3349 morsibus
1082 3304 1161 3349 ossa.

230 3430 388 3497 Describit
405 3433 616 3498 Hasdrubalis
635 3433 776 3516 pallium,
790 3434 924 3498 diversis
943 3433 1054 3522 figuris
1064 3436 1197 3500 intextis
1210 3455 1302 3500 orna·

187 3562 264 3622 tum.
302 3558 390 3623 Inter
423 3558 484 3623 alia
519 3557 648 3624 exhibet
681 3564 810 3622 annum
844 3558 1042 3644 Polyphemi,
1079 3563 1143 3645 qui,
1175 3561 1302 3627 duobus

185 3685 314 3767 Ulyssis
348 3685 526 3768 comitibus,
560 3685 725 3769 devoratis,
754 3687 868 3750 vinum
901 3688 1011 3771 poscit.
1042 3685 1205 3762 Quantum
1228 3689 1302 3771 scie,

186 3811 261 3876 abbi
295 3831 498 3877 excussa
530 3813 564 3875 in
594 3813 655 3876 hoc
685 3831 782 3876 sensu
811 3832 875 3877 non
898 3813 1031 3897 legitur;
1054 3813 1140 3908 unde
1163 3816 1301 3899 suspicio

186 3937 278 4000 mibi,
293 3938 404 4002 incidit
425 3939 485 4002 hoo
508 3937 640 4002 verbum
665 3943 850 4029 corruptum
874 3959 951 4004 esse.
977 3938 1148 4016 Quaerenti
1171 3941 1302 4005 meliora

186 4064 274 4126 venit
307 4064 386 4126 mibi
418 4065 453 4126 in
487 4067 625 4128 mentem
661 4083 822 4146 exesa,
856 4065 941 4148 quod
973 4066 1106 4131 verbum
1141 4071 1171 4130 et
1193 4086 1312 4131 neces·

186 4188 304 4251 sarium
335 4207 465 4252 sensum
494 4186 631 4272 praebet,
655 4195 686 4252 et
708 4208 727 4252 a
748 4189 862 4253 tradita
884 4190 1020 4254 lectione
1042 4190 1127 4256 haud
1150 4193 1195 4255 ita
1217 4192 1300 4255 mul-
1428 4249 1430 4253 ,

185 4315 253 4374 tum
288 4313 413 4376 recedit.
449 4313 660 4379 Exedere
693 4318 725 4378 et
760 4333 931 4380 exesus
966 4318 1085 4400 passim
1120 4322 1301 4401 occurrunt,
