3360 5116
292 731 345 795 Sil.
368 729 406 795 V.
431 732 511 795 641:

756 897 798 906 -
824 897 863 906 -
888 861 951 926 tela
974 863 1081 925 omnia
1105 863 1193 926 solus

335 982 467 1048 Pectore
489 1003 655 1068 consumo,
675 990 706 1050 et
727 987 877 1071 moriens,
900 987 1043 1072 fugiente
1064 1007 1120 1072 per
1142 1007 1236 1052 auras

218 1096 220 1101 ’
335 1109 406 1173 Ηοο
429 1111 544 1194 animo,
565 1115 686 1176 vestras
709 1084 863 1177 revocabo
887 1113 927 1176 ad
951 1113 1070 1196 proelia
1093 1114 1229 1178 dextras.

291 1269 334 1334 Ni
364 1271 464 1356 fallor,
485 1292 542 1356 pro
573 1293 792 1338 consumo
816 1274 986 1359 legendum
1009 1281 1057 1339 est
1079 1295 1363 1360 consumam,

250 1416 313 1481 quo
337 1398 436 1463 multo
460 1399 574 1464 melius
598 1401 762 1466 cohaereat
785 1421 859 1465 cum
884 1402 1030 1484 sequenti
1052 1400 1294 1466 revocabo.

291 1610 346 1674 Sil.
368 1610 424 1673 V]
448 1612 507 1674 55:

379 1734 512 1800 Diverso
535 1737 655 1801 interea
677 1736 835 1821 fugientes
860 1740 968 1802 saucia
992 1737 1086 1802 turba

378 1861 541 1926 Iactantur
563 1881 648 1946 casu,
670 1863 824 1947 silvisque
844 1882 901 1947 per
924 1865 995 1928 aria
1017 1867 1119 1930 caeeis

379 1986 485 2052 Ablati
507 1987 615 2052 furtim
640 1991 741 2053 multo
766 2009 839 2054 cum
862 1991 994 2056 vulnere
1017 1991 1101 2056 solos

379 2113 441 2178 Per
463 2119 588 2179 noctem
611 2120 772 2180 metantur
796 2135 896 2201 agros.

291 2263 445 2341 Quamvis
477 2266 607 2350 vulgata
638 2267 731 2331 lectio
764 2267 839 2332 ferri
872 2269 981 2352 possit,
1015 2268 1130 2333 melius
1161 2272 1265 2333 tamen
1297 2268 1360 2353 legi

247 2393 325 2455 mihi
347 2392 487 2457 videtur:
513 2394 703 2458 diverso
727 2413 889 2477 eursu,
914 2379 1096 2478 qnorerbo
1120 2395 1258 2458 miiitum
1278 2414 1362 2459 erro·

246 2537 296 2582 res
330 2519 394 2582 huc
415 2517 492 2583 illue
513 2518 705 2602 fugientium
730 2519 845 2584 melius
869 2518 1095 2604 significantur.
1119 2518 1240 2583 Eodem
1263 2519 1357 2584 modo

247 2644 331 2726 apud
364 2642 492 2707 Livium
526 2643 659 2708 eandem
690 2644 771 2707 hanc
799 2644 909 2728 fugam
939 2649 1120 2708 narrantem
1143 2643 1252 2708 XXII.
1278 2645 1305 2708 7.
1331 2647 1361 2708 2.

175 2743 178 2748 ’
245 2768 913 2854 legimusdiversisitineribus.

238 3063 240 3068 ι
289 2968 343 3033 su.
365 2969 420 3032 Vn
444 2969 515 3032 res.

377 3107 463 3172 Scire
485 3127 608 3190 nemus,
634 3127 809 3193 pacemque
833 3108 895 3172 loci
918 3107 1081 3192 explorare
1102 3105 1226 3172 libebat

289 3258 387 3323 Miror
418 3258 504 3342 quod
538 3277 632 3323 nemo
666 3257 833 3322 Editorum
863 3258 1146 3342 praeclarissimam
1179 3257 1359 3321 Burmanni
1463 3287 1465 3300 =

244 3386 459 3449 coniecturam
491 3384 755 3468 faciemque
788 3403 844 3468 pro
877 3403 1132 3468 pacemque
1166 3385 1199 3446 in
1233 3387 1358 3448 textum

243 3512 369 3594 recepit
398 3513 476 3594 quin
507 3512 601 3575 etiam
637 3531 763 3576 summa
795 3509 1014 3594 indignatione
1045 3529 1156 3574 omnes
1187 3529 1256 3574 eam
1279 3511 1358 3574 reie-

243 3641 363 3700 cerunt.
400 3634 679 3702 Drakenborehius
718 3637 779 3701 hoc
812 3640 938 3700 tantum
969 3640 1114 3700 annotat:
1149 3633 1357 3710 Burmannus

242 3761 259 3824 f
267 3764 506 3846 aciemque
538 3763 633 3826 loci
668 3762 869 3827 scribendum
901 3763 1023 3826 conicit.
1054 3761 1246 3846 Rupertius:
1274 3760 1357 3825 Bur-

243 3908 380 3952 mannus
413 3888 429 3951 f
438 3890 680 3972 aciemque
712 3888 814 3952 looi.
846 3888 946 3953 Male!
981 3888 1124 3953 Ernesti:
1160 3887 1243 3952 Male
1275 3886 1357 3951 Bur-

243 4034 380 4079 mannus
413 4015 677 4099 faciemque
710 4014 804 4078 loci
836 4013 1007 4098 legendum
1042 4019 1140 4098 putat.
1176 4011 1261 4089 Quid
1296 4012 1357 4077 sibi

239 4142 316 4207 velit
349 4162 413 4225 pax
445 4141 500 4205 iila
522 4141 591 4223 loci,
614 4142 667 4204 cui
688 4140 833 4204 Editores
856 4146 1018 4223 tantopere
1040 4139 1156 4222 favent,
1181 4159 1246 4203 non
1272 4158 1356 4204 asse-

244 4287 332 4350 quor.
363 4266 536 4350 Rupertius
566 4267 612 4330 sic
646 4265 797 4349 explicat:
836 4266 1060 4349 quietem,
1096 4272 1133 4330 ut
1165 4264 1237 4328 VII.
1273 4265 1353 4328 258:
