3360 5116
750 561 792 624 69

256 768 326 832 Hoc
350 769 436 833 deest
459 772 588 854 quidem
610 771 645 833 in
665 770 806 833 oratione
825 761 923 853 Fabii,
944 767 1001 834 sod
1020 771 1137 854 legitur
1155 773 1190 834 in
1201 772 1331 834 Aemilii

213 895 359 958 contione
381 894 422 958 ad
443 896 607 980 populum.
630 894 697 958 mv.
720 894 829 958 XXII.
852 897 902 959 38.
923 897 951 959 9.
974 895 1109 977 „Mirari
1121 915 1165 978 se,
1177 896 1263 980 quod
1275 897 1331 980 qui

213 1020 289 1095 dur,
320 1021 507 1103 priusquam
539 1025 594 1084 aut
616 1040 712 1084 suum
736 1024 791 1083 ant
814 1020 955 1084 hostium
978 1021 1164 1102 exercitum,
1186 1021 1331 1085 looorum

212 1145 318 1226 situm,
341 1149 487 1208 naturam
510 1145 649 1229 regionis
672 1150 781 1209 nosset
803 1144 881 1208 eto.'’
905 1145 987 1210 Vide
1010 1165 1107 1230 supra
1129 1166 1158 1230 p.
1184 1146 1234 1208 66.

255 1317 308 1382 Sil.
333 1318 421 1382 VIII.
448 1319 528 1382 316:

590 1483 632 1490 —
656 1483 698 1492 —
722 1443 793 1528 Fer,
816 1444 936 1527 Paullo,
958 1446 992 1509 in
1015 1446 1106 1510 devia
1128 1448 1206 1511 recti

301 1569 450 1634 Pectora:
475 1590 541 1653 our,
563 1572 622 1635 uni
644 1571 777 1655 patriam
802 1572 830 1634 si
853 1569 993 1654 affligere
1016 1570 1063 1635 fas
1086 1576 1143 1653 est,

300 1694 367 1758 Uni
389 1697 430 1759 sit
453 1713 579 1760 servare
601 1694 714 1760 nefas?
750 1732 781 1741 -
814 1732 847 1740 -

255 1870 322 1934 Liv.
341 1867 521 1962 meo.
543 1872 593 1934 18.
616 1870 777 1953 „Duobus
790 1870 926 1935 ducibus
938 1891 1024 1936 unus
1035 1872 1165 1936 resistas
1178 1870 1329 1954 oportet.”

257 2043 310 2109 Sil.
333 2043 422 2107 VIII.
449 2045 529 2107 318:

676 2207 718 2216 —
744 2207 784 2216 -
808 2169 890 2254 Eget
911 2169 1075 2254 improbus
1099 2175 1167 2235 arto

299 2295 367 2359 Iam
391 2297 479 2360 virtu
501 2295 608 2377 Libys
631 2301 662 2361 et
684 2296 760 2361 belli
782 2296 905 2361 fervore
927 2301 1044 2379 retuso,

301 2420 389 2484 Laxa
410 2421 489 2485 fides
512 2423 634 2485 socium
659 2427 714 2486 est.
737 2421 811 2486 Non
834 2422 886 2484 hio
908 2421 1023 2486 domus
1045 2422 1169 2506 hospita
1192 2427 1274 2486 teoto

302 2547 421 2611 Invitat
442 2549 550 2631 patrio,
574 2547 742 2612 non'fidae
766 2547 933 2612 moenibus
957 2547 1052 2612 urbes

299 2671 482 2757 Excipiunt,
504 2678 700 2756 renovatque
721 2674 789 2757 pari
812 2692 846 2737 se
867 2673 952 2757 pube
974 2674 1135 2738 iuventus.

256 2851 257 2855 ,
298 2798 402 2862 Tertia
424 2799 481 2861 vix
505 2803 656 2882 superest,
679 2799 778 2863 orudo
803 2817 885 2882 quae
906 2799 994 2863 venit
1017 2798 1120 2882 Ibero,

299 2925 405 2990 Turba
427 2928 542 2990 virum.

256 3087 323 3152 mv.
347 3087 458 3152 XXII.
484 3091 533 3152 39.
561 3090 611 3151 13.
635 3087 822 3169 „Hannibal
845 3089 1011 3152 contrairi
1035 3087 1146 3170 aliena,
1167 3088 1202 3150 in
1223 3087 1331 3151 hostili
1391 3082 1392 3085 ’
1424 3078 1426 3082 ’

213 3221 260 3279 est
293 3220 384 3292 terra,
414 3217 497 3279 inter
527 3216 633 3278 omnia
662 3216 792 3279 inimica
821 3214 1007 3298 infestaque,
1030 3213 1141 3298 procul
1164 3213 1203 3276 ab
1228 3214 1331 3298 domo,

212 3339 251 3403 ab
274 3341 391 3424 patria3
415 3359 521 3423 neque
543 3340 591 3402 illi
614 3344 696 3403 terra
718 3358 824 3423 neque
846 3340 926 3403 mari
949 3343 997 3403 est
1019 3359 1100 3422 pax:
1124 3338 1232 3403 nullae
1255 3358 1330 3403 eum

212 3465 308 3530 urbes
331 3467 499 3550 acoIpiunt,
522 3465 612 3529 nulla
636 3467 777 3545 moenia;
801 3469 921 3548 partem
946 3466 1003 3527 vix
1025 3465 1149 3528 tertiam
1170 3467 1329 3530 exercitus

213 3593 282 3656 eius
316 3591 419 3674 habet,
455 3611 551 3675 quem
585 3590 743 3654 Hiberum
777 3609 903 3654 amnem
938 3591 1075 3670 traiecit3
1107 3590 1216 3674 plures
1246 3590 1330 3656 fame

214 3736 310 3800 quam
332 3716 414 3780 ferro
438 3715 617 3800 absumpti:
642 3733 701 3780 nea
719 3715 769 3778 his
787 3716 898 3799 pauois
917 3716 980 3778 iam
1006 3716 1107 3779 rictus
1120 3716 1331 3800 suppedItat''

257 3879 310 3944 Sil.
332 3879 422 3942 VIH.
445 3881 525 3943 325:

300 4042 344 4052 —
367 4005 402 4070 Si
425 4026 489 4090 qua
510 4008 630 4070 interea
651 4007 833 4070 Invitaverit
855 4027 940 4085 aura,
978 4075 979 4078 ,

301 4131 523 4215 Adnueritque
546 4130 643 4214 Deus,
666 4132 762 4197 velox
784 4132 897 4196 accede
921 4132 1078 4196 secundis,

256 4291 323 4356 niv.
356 4292 465 4356 XXII.
498 4295 548 4356 39.
580 4294 630 4356 21.
669 4271 762 4375 „Neo
792 4312 860 4378 ege,
891 4298 928 4357 ut
956 4293 1037 4357 nihil
1067 4299 1180 4378 agatur
1207 4313 1330 4378 moneo,
