3360 5116
242 877 295 942 Sil.
319 878 373 942 Vl.
398 880 480 942 270:

595 1042 636 1051 —
660 1043 702 1051 -
725 1023 785 1070 neo
806 1006 869 1069 iam
894 1005 1031 1089 amplius
1055 1024 1150 1090 aegra

331 1128 527 1194 Consuetum
549 1129 589 1193 ad
612 1131 704 1194 nisus
727 1131 819 1216 spina
842 1134 1020 1215 praestante
1042 1131 1189 1216 rigorem,

329 1253 371 1320 Et
394 1255 523 1319 solitum
546 1256 581 1318 in
604 1255 707 1320 nubes
729 1256 797 1320 tolli
821 1261 925 1341 eaput,
947 1257 1052 1321 aerius
1075 1257 1180 1320 instat
1231 1348 1236 1358 ,

240 1429 344 1496 Locus
378 1433 646 1516 corruptissimus,
675 1450 772 1515 quem
802 1451 913 1497 sanare
944 1438 1077 1519 conatus
1109 1437 1157 1496 est
1177 1430 1314 1495 Wolfius

198 1557 323 1641 legens:
358 1557 430 1638 „Ut
460 1557 552 1622 solito
584 1559 618 1621 in
641 1557 745 1622 nubes
766 1558 849 1622 tollit
872 1557 999 1642 eaput',
1021 1556 1123 1634 Quam
1146 1557 1314 1622 lectionem

200 1703 309 1749 omnes
343 1683 408 1748 fere
439 1684 584 1748 Editores
613 1685 758 1749 reiciunt.
788 1683 920 1748 Utinam
949 1683 1110 1748 meliorem
1136 1682 1313 1747 dedissent!

242 1809 404 1874 Permulta
426 1810 505 1873 mihi
528 1811 702 1893 temptanti,
727 1829 763 1874 ae
786 1829 900 1874 rursus
923 1810 1074 1890 reicienti,
1098 1814 1257 1893 postremo
1279 1811 1314 1873 in

201 1941 339 2000 mentem
366 1937 454 2000 venit
474 1935 596 2020 legere:
623 1935 691 2017 „nt
714 1936 806 2000 solito
829 1937 864 1999 in
888 1936 990 2001 nubes
1013 1936 1081 2000 tolli
1103 1934 1225 2020 eapite”
1250 1935 1316 2000 seil.

199 2066 379 2146 praestante
408 2063 545 2146 rigorem
568 2062 630 2144 (vel
652 2063 803 2146 vigorem,
826 2066 864 2126 ut
887 2062 1009 2145 aliquot
1031 2061 1155 2126 oodiees
1176 2061 1314 2144 habent),

201 2186 355 2264 Quamvis
377 2189 508 2253 minime
532 2189 721 2252 contendere
744 2189 858 2269 ausim,
881 2188 962 2251 hane
985 2206 1092 2251 veram
1116 2206 1186 2252 esse
1208 2188 1316 2252 lectio·

202 2333 285 2397 nem,
307 2318 445 2397 praestat
466 2319 573 2378 tamen
594 2314 743 2398 vulgatae
764 2332 811 2395 eo,
830 2313 916 2397 quod
935 2332 1064 2377 sensum
1084 2312 1222 2397 praebet,
1234 2333 1316 2397 quae

199 2459 261 2522 res,
284 2441 404 2524 opinor,
426 2458 531 2523 neque
554 2441 593 2505 de
616 2440 746 2524 vulgata
766 2440 910 2521 lectione,
933 2457 1038 2523 neque
1057 2438 1096 2503 de
1113 2438 1222 2503 Wolfii
1241 2459 1316 2504 oon-

201 2569 323 2632 ieetura
353 2567 415 2630 diei
444 2571 554 2651 potest
583 2565 706 2630 Merum
734 2566 947 2629 coniecturam
971 2565 1041 2640 eam
1063 2565 1220 2649 appellare
1243 2584 1316 2629 con-

199 2698 307 2758 tentus
331 2712 411 2756 sum,

241 2966 343 3032 Multo
366 2969 485 3032 maiore
507 2987 581 3032 eum
603 2967 721 3031 fiducia
742 2972 909 3032 convertor
930 2967 970 3032 ad
992 2986 1121 3034 versum
1145 2968 1210 3032 280
1231 2968 1317 3031 eius·
1377 3015 1381 3024 ,

198 3093 843 3178 mmmmmmffi:
1274 3051 1280 3084 ⁴

596 3281 639 3292 —
660 3283 702 3291 -
726 3244 907 3330 Magnoque
929 3243 1052 3329 fragore

331 3373 491 3439 Diseussit
512 3372 599 3437 trabs
622 3377 691 3436 aeta
713 3376 816 3456 eaput,
838 3371 998 3456 longoque
1020 3369 1182 3434 resolvens

330 3501 456 3586 Aggere
479 3519 513 3564 se
535 3500 622 3583 ripae
644 3497 772 3561 tandem
796 3493 956 3562 exhalavit
977 3497 1012 3558 in
1036 3513 1129 3558 auras

331 3626 495 3690 liventem
517 3623 667 3688 nebulam
690 3622 842 3706 fugientis
865 3621 904 3685 ab
927 3639 981 3685 ore
1002 3620 1126 3683 veneni.

243 3803 471 3886 Resolrere
494 3821 536 3866 se
559 3802 598 3864 de
621 3798 811 3864 draconibus
824 3799 885 3862 diei
897 3817 1058 3881 nusquam
1070 3797 1206 3880 reperire
1216 3795 1314 3879 potui.

131 3958 133 3961 ¹
198 3931 432 3997 Revolvere
454 3934 486 3993 et
508 3929 682 3993 volvere
705 3931 814 3990 contra
837 3926 876 3989 de
899 3922 1099 4008 serpentibus
1121 3921 1184 3985 diei
1205 3920 1315 3985 solent.

201 4058 245 4123 cf.
270 4058 332 4122 (lie.
356 4057 395 4122 de
417 4057 489 4121 Nat.
511 4054 661 4122 Deorum.
684 4055 725 4118 Π.
750 4055 810 4130 42;

330 4234 452 4299 'lorvus
476 4233 570 4297 draeo
595 4232 691 4315 serpit
714 4230 824 4294 subter
846 4246 1006 4312 superque
1029 4226 1196 4296 revolvens

332 4362 407 4427 Sese
430 4360 663 4444 conficiensque
687 4360 777 4424 sinus
800 4377 817 4422 e
840 4374 968 4441 corpore
990 4351 1100 4418 flexos.
