3364 5118
410 766 493 831 Fast.
517 765 555 830 V.
581 767 659 830 505:

452 904 545 969 Tecta
568 905 653 968 senis
677 903 863 969 subeunt
887 906 1008 990 nigro
1032 906 1183 971 deformia
1205 908 1327 972 furno.

412 1068 464 1133 Sil.
487 1067 559 1131 VH.
585 1067 665 1130 179:
688 1081 689 1086 ’

455 1204 565 1269 Donec
588 1225 663 1289 opes
686 1204 783 1270 festas
805 1207 896 1289 puris
919 1226 1006 1269 nunc
1027 1227 1144 1291 porna
1165 1209 1371 1273 canistris

456 1330 648 1415 Composuit,
670 1351 758 1394 nunc
781 1332 970 1416 irriguis
995 1334 1077 1396 citus
1102 1335 1217 1397 extulit
1238 1335 1374 1399 hortis

454 1454 609 1520 Rorantes
631 1457 765 1519 humore
789 1455 902 1539 dapes:
927 1460 996 1520 tum
1021 1457 1101 1521 lacte
1123 1456 1308 1542 favisque

454 1579 610 1644 Distinxit
633 1580 741 1645 dulces
764 1581 883 1665 epulas,
908 1619 949 1629 —-
989 1621 1020 1629 -

412 1731 571 1796 Metamm.
595 1731 684 1795 VIII.
710 1732 790 1795 646:

502 1867 658 1952 Quodque
680 1889 760 1935 suus
783 1871 927 1934 coniunx
949 1873 1070 1956 riguo
1094 1873 1261 1958 collegerat
1283 1874 1403 1940 horto

500 1994 639 2060 Truncat
657 1996 750 2060 holus
773 1995 866 2061 foliis.

403 2145 477 2208 664.
499 2145 636 2210 Ponitur
657 2147 709 2210 hic
731 2146 852 2211 bicolor
875 2149 1015 2212 sincerae
1036 2148 1114 2213 baca
1136 2147 1310 2234 Minervae,

502 2272 672 2357 Intibaque
695 2278 726 2338 et
748 2274 849 2352 radirr,
872 2280 903 2338 et
924 2275 1049 2340 lactis
1072 2296 1177 2341 massa
1200 2279 1309 2360 coacti,

503 2398 635 2483 Ovaque
656 2419 722 2463 non
745 2401 811 2463 acri
832 2400 944 2465 leviter
967 2407 1090 2467 versata
1112 2402 1235 2466 favilla:

502 2524 618 2589 Omnia
640 2524 790 2589 fictilibus
814 2563 856 2572 -
879 2564 921 2572 —
950 2565 985 2573 --
1011 2565 1053 2574 -
1078 2566 1120 2574 —
1143 2566 1184 2575 —
1225 2584 1226 2587 ,

405 2675 478 2738 674.
501 2675 565 2739 Hic
587 2695 666 2758 nux,
689 2675 741 2739 hic
764 2677 865 2740 mixta
888 2681 935 2740 est
959 2678 1084 2761 rugosis
1108 2679 1211 2742 carica
1232 2680 1355 2763 palmis,

500 2801 675 2885 Prunaque
698 2807 728 2865 et
750 2803 785 2865 in
806 2803 924 2886 patulis
947 2802 1120 2867 redolentia
1144 2805 1247 2868 mala
1278 2807 1482 2870 canistris

502 2926 544 2990 nt
567 2928 606 2991 de
629 2929 797 3012 purpureis
816 2928 963 2993 collectae
985 2928 1103 2994 ritibus
1128 2939 1216 2995 uvae.

468 3138 471 3150 .
503 3052 664 3119 Candidus
686 3056 721 3118 in
743 3055 847 3119 medio
870 3054 991 3119 favus
1015 3060 1070 3120 est.

415 3202 468 3268 Sil.
491 3202 564 3268 VH.
587 3205 668 3268 188:

493 3325 620 3426 'Fagina
633 3344 654 3424 ¹)
678 3344 845 3428 pampineo
868 3349 1058 3429 spumarunt
1080 3344 1195 3429 pocula
1223 3366 1307 3412 suco.

417 3489 507 3555 Ovid.
531 3491 691 3556 Metamm.
714 3491 803 3555 Vm.
829 3493 912 3557 669:

465 3655 468 3665 r
502 3630 632 3695 Sistitur
654 3637 782 3716 argento
805 3638 914 3716 crater,
936 3633 1150 3718 fabricataque
1172 3635 1244 3721 fago

503 3754 631 3819 Pocula.

416 3906 557 3972 Alteram
578 3907 661 3972 hanc
684 3909 878 3991 quaestionis
901 3913 1030 3995 partem,
1054 3911 1092 3976 de
1116 3910 1229 3977 Ovidio
1249 3913 1396 3978 hocloco
1417 3912 1486 3978 Silii

372 4039 508 4117 auctore,
531 4027 603 4098 ante
626 4036 762 4099 maiam
786 4035 947 4101 Weaelius
961 4037 983 4119 2)
1006 4031 1161 4103 tractavit.

373 4164 518 4175 *nn—-

407 4232 432 4296 l)
451 4231 487 4282 Cf.
505 4237 531 4282 et
547 4231 639 4283 Tibull.
657 4233 675 4283 1.
696 4231 735 4298 10,
751 4232 779 4283 8:
798 4233 909 4300 Faginus
925 4235 1040 4286 adstabat
1056 4251 1117 4287 cum
1135 4237 1247 4303 scyphus
1264 4242 1324 4288 ante
1343 4239 1426 4303 dapes.

406 4322 433 4386 2)
452 4338 474 4386 p.
493 4321 533 4373 87.
