3360 5116
923 555 965 616 82

427 765 545 843 Quanti
576 763 827 829 Dmkenborehii
856 769 1043 848 argumenta
1072 765 1269 829 aestiuum
1299 766 1373 846 sint,
1395 765 1497 848 primo

382 892 497 956 obtutu
536 910 630 955 nemo
671 910 737 954 non
770 888 896 954 videbit
930 887 1067 952 Duobus
1100 888 1179 953 locis
1215 890 1292 952 huic
1326 889 1498 953 simillimis

382 1019 576 1081 recentiores
598 1015 743 1078 Editores
766 1013 841 1078 ille
862 1015 897 1076 in
919 1015 1012 1097 ipse
1033 1019 1240 1078 mutaverunt
1263 1013 1395 1098 (Vergil
1420 1015 1500 1077 Aen.

384 1143 457 1206 Vll
483 1143 555 1206 110.
576 1140 689 1205 'libull
711 1140 736 1203 l
758 1140 788 1202 4.
809 1140 871 1221 23),
889 1139 1006 1222 reliqui
1023 1126 1123 1223 louge
1138 1139 1227 1202 aliud
1245 1138 1350 1203 dicere
1370 1139 1501 1214 volunt3

385 1268 511 1350 habent,
533 1273 570 1332 ut
591 1264 870 1329 Drakenborchius
892 1269 977 1328 recte
1000 1263 1088 1344 vidit,
1111 1265 1286 1347 emphasin,
1304 1269 1415 1328 nostro
1434 1263 1503 1326 loco

386 1393 475 1457 nulls
504 1393 647 1475 emphasi
676 1409 757 1474 opus
786 1395 842 1454 est
865 1387 1044 1452 Mercurius
1066 1387 1281 1453 Hannibalem
1304 1389 1502 1468 adhortatur,

386 1525 424 1582 ut
446 1525 575 1582 strenue
597 1521 672 1600 agat
694 1534 793 1598 seque
814 1521 975 1598 sequatur,
996 1533 1102 1598 neque
1123 1521 1231 1580 tamm
1254 1516 1337 1579 dixit
1361 1534 1397 1580 se
1417 1515 1504 1579 Iovis

386 1643 494 1708 verbis
522 1642 620 1725 loqui.
652 1639 745 1716 Quod
774 1647 811 1704 ut
832 1639 993 1704 Hannibal
1015 1642 1193 1724 perspiciat,
1215 1647 1376 1726 postremo
1401 1642 1504 1706 addit:

387 1770 497 1834 Monet
518 1769 579 1832 hoc
600 1773 690 1852 pater
709 1769 778 1850 ipse
799 1765 960 1849 Deorum,
978 1769 1037 1831 ie.
1056 1787 1121 1830 non
1134 1777 1211 1831 'maa
1228 1768 1408 1833 iussahaec
1420 1771 1507 1834 sunt.

389 1897 510 1960 Eadem
542 1913 593 1958 res
625 1899 674 1958 est
702 1893 786 1976 apud
816 1892 995 1976 Vergilium
1019 1898 1051 1956 et
1072 1892 1235 1957 Tibullum
1258 1894 1337 1958 locis
1359 1895 1506 1959 lnudatis.

390 2021 522 2086 Minime
544 2023 644 2104 igitur
666 2019 785 2100 dubito,
807 2019 923 2081 harum
933 2036 1041 2081 rerum
1052 2019 1507 2104 rationehabita,hioquoque

391 2168 465 2212 oum
488 2147 631 2211 livineio
654 2147 745 2229 ipse
767 2165 825 2228 pro
847 2143 925 2208 ille
947 2143 1148 2208 substituere

438 2431 492 2496 Sit
514 2429 570 2493 IV.
594 2429 654 2491 ll:

484 2593 525 2601 -
549 2591 591 2600 -
615 2553 723 2635 discat,
746 2558 866 2636 quanto
888 2557 950 2616 stat
972 2553 1088 2617 celsius
1110 2572 1182 2618 arce

482 2679 641 2744 Herculea
661 2678 790 2761 vallum,
813 2683 844 2744 et
865 2681 971 2743 maius
993 2681 1044 2762 sit,
1066 2680 1218 2745 scandere
1240 2681 1345 2764 colles,
1368 2687 1427 2746 etc.

440 2840 594 2906 Heinsius
613 2845 696 2904 stet
715 2839 918 2904 scribendum
936 2847 1051 2905 censet
1066 2840 1239 2924 Sequentia
1257 2844 1336 2907 satis
1348 2844 1510 2924 evincunt,

396 2968 543 3051 quamvis
573 2965 787 3031 obnitentibus
817 2966 988 3031 codicibus.
1015 2966 1177 3032 Reclamat
1207 2967 1405 3053 LefeburiuS,
1431 2972 1508 3053 quia

396 3094 530 3158 mutatio
559 3092 726 3156 modorum
753 3093 871 3175 passim
902 3093 944 3156 sit
966 3092 1066 3156 obvia.
1088 3092 1305 3158 Nihilominus
1328 3099 1413 3160 recte
1438 3113 1510 3160 sen·

397 3221 457 3284 tire
485 3217 655 3283 Heinsinm
679 3218 780 3282 credo.
803 3216 1040 3283 inconcinnitas
1061 3219 1146 3284 inter
1167 3225 1251 3284 stat
1272 3224 1304 3284 et
1326 3221 1382 3285 sit
1406 3222 1509 3284 maior

398 3350 455 3428 cst,
478 3364 574 3428 quam
597 3349 635 3408 ut
656 3343 731 3407 ferri
753 3344 860 3428 possit

444 3617 498 3683 Sit
518 3615 575 3679 IV.
599 3616 682 3680 363:

488 3741 661 3826 Ardebant,
681 3741 865 3827 gelidosque
887 3740 1000 3806 dehinc
1020 3743 1158 3808 invisere
1182 3700 1305 3809 montes

489 3867 637 3953 Taygeta,
659 3873 691 3932 ot
711 3867 840 3931 taudem
861 3866 951 3930 bellis
973 3867 1084 3930 innare
1107 3866 1249 3932 subactis

491 3993 634 4058 Eurotan
655 3995 803 4077 patrium,
825 3994 971 4076 ritusque
996 3993 1102 4057 videre
1125 3991 1273 4079 Lycurgi.

448 4154 531 4232 Quid
566 4157 607 4219 sit
639 4156 759 4220 bellum
794 4155 950 4240 subigere,
983 4174 1048 4218 nou
1082 4154 1240 4239 intellig03
1271 4155 1353 4220 bello
1377 4156 1517 4240 aliquem

402 4280 549 4367 subigere
572 4288 655 4347 recte
678 4281 807 4365 quidem
829 4300 864 4347 se
886 4279 988 4364 habet,
1011 4279 1067 4346 sod
1087 4300 1153 4344 non
1173 4281 1266 4345 credo
1277 4283 1385 4366 ipsum
1396 4282 1518 4349 bellum
