3360 5116
776 557 818 618 89

285 765 404 850 Vergii
427 765 507 829 Aen.
531 765 620 829 VIII.
645 767 703 829 89:

503 927 546 940 -
570 925 615 940 -
636 910 724 956 remo
746 895 784 956 ut
806 891 967 956 luctamen
989 890 1120 956 abesset

176 1099 178 1102 ·
285 1016 389 1082 Valer.
413 1016 513 1081 Flauo.
537 1016 578 1081 IL
603 1018 684 1081 234:

507 1180 549 1190 —
573 1181 615 1190 —
640 1163 739 1228 seque
763 1145 841 1209 toris
864 1145 980 1209 misero
1002 1144 1175 1209 luctamine
1197 1145 1302 1209 trunci

373 1270 565 1337 Devolvunt.
583 1307 628 1320 -
650 1308 693 1320 —

286 1397 487 1463 Claudianus.
510 1397 589 1461 Befl.
614 1397 680 1462 Get
706 1397 786 1462 138:

371 1522 500 1587 PrImus
522 1522 711 1588 fulmineum
734 1523 821 1588 lento
842 1523 1015 1589 luctamine
1036 1521 1180 1587 Poenum

374 1647 566 1732 Compressit
588 1631 715 1712 Fabius.

285 1883 338 1948 Sil.
361 1882 436 1946 VII.
460 1883 539 1947 274:

375 2008 447 2086 Qua
468 2028 636 2074 nemorosa
659 2009 744 2093 iuge,
766 2013 797 2074 et
819 2009 979 2094 scopulosi
1001 2009 1118 2074 vertice
1141 2007 1237 2073 eolles
1290 2047 1293 2056 ‚

370 2134 569 2220 Exsurgunt.

283 2260 403 2327 Dubito
433 2282 539 2326 ennon
571 2262 742 2348 legendum
766 2263 807 2327 sit
830 2262 1067 2346 scopuloso.
1091 2259 1135 2324 of.
1157 2260 1246 2324 VIII.
1272 2261 1352 2324 390:

241 2387 434 2472 „Scopulosi
444 2390 571 2453 verticis
582 2387 729 2453 Anxur.''
739 2387 865 2471 Melius,
877 2389 997 2472 opinor,
1008 2387 1199 2452 adieetivum
1209 2387 1355 2470 iungitur

239 2532 311 2577 oum
348 2515 511 2578 vertice
546 2535 641 2598 quam
676 2533 750 2578 eum
785 2514 926 2579 eolles.
962 2514 1132 2579 Vertioe
1164 2515 1250 2578 enim
1285 2515 1353 2578 sine

238 2639 374 2723 epitheto
396 2641 513 2724 legitur
535 2644 829 2725 contrapositorum
851 2660 957 2705 usum.
982 2639 1104 2717 Quodsi
1122 2660 1247 2706 mecum
1266 2641 1353 2725 legas

239 2767 481 2851 scopuloso,
504 2771 535 2831 et
556 2768 717 2832 vertice
739 2766 833 2832 habet
856 2768 1016 2851 epitheton
1040 2772 1071 2833 et
1094 2767 1234 2832 eolles.
1269 2799 1270 2802 ¹

282 3016 335 3081 Sil.
358 3016 430 3080 VH.
456 3017 536 3080 674:

369 3141 423 3227 Ut,
446 3145 503 3228 qui
525 3145 662 3208 viscatos
684 3143 855 3229 populatur
878 3144 1036 3209 arundine
1057 3144 1156 3210 lucos.

282 3279 407 3366 Optime
440 3280 590 3346 Barthius
624 3286 655 3346 et
684 3281 839 3348 Heinsius
871 3284 1074 3349 coniecerunt
1102 3285 1275 3349 viscata.
1307 3283 1350 3348 cf.
1455 3300 1457 3304 ·

236 3405 369 3472 Martial.
390 3407 496 3492 Epigr.
519 3406 577 3471 IX.
603 3408 660 3472 54:

366 3557 435 3622 Aut
458 3563 617 3623 crescente
640 3558 720 3624 levis
744 3559 921 3624 traheretur
942 3560 1099 3625 arundine
1121 3560 1246 3644 praeda,

367 3684 502 3769 Pinguis
525 3691 556 3750 et
577 3685 746 3770 implicitas
769 3687 859 3770 virge
881 3691 1001 3752 teneret
1024 3706 1107 3755 aves.

278 3831 342 3916 Nil,
376 3834 478 3917 oredo,
507 3835 623 3900 melius
657 3820 830 3920 excogitari
852 3840 962 3920 potest.
986 3839 1137 3902 Attamen
1159 3839 1350 3903 recentiores

235 3957 380 4023 Editores
415 3959 622 4025 defenderunt
655 3961 737 4025 hane
771 3961 940 4026 absurdam
963 3962 1132 4032 lectionem
1153 3966 1349 4029 viscatos.

236 4084 334 4162 Quasi
362 4086 428 4149 luoi
451 4087 562 4150 visenti
585 4087 665 4151 sint!
688 4086 877 4171 Rupertius:
906 4088 1053 4173 „vulgata
1074 4090 1167 4154 lectio
1191 4109 1256 4154 non
1278 4111 1349 4156 mu-

234 4213 338 4295 tando,
373 4214 449 4297 quio
484 4213 604 4278 doctior
636 4218 684 4279 est
716 4220 748 4279 et
780 4220 872 4299 poeta
906 4216 1043 4299 epitheta
1065 4215 1180 4298 verbis,
1203 4216 1243 4280 ad
1268 4237 1349 4301 quae
1394 4293 1396 4299 A

233 4341 358 4424 proprie
390 4359 455 4404 non
486 4345 637 4424 spectent,
659 4343 791 4425 iungere
822 4341 953 4407 solent.”
976 4341 1028 4408 Sic
1050 4347 1081 4408 et
1102 4341 1237 4408 Ernesti.
1260 4341 1349 4407 Miri·
