3360 5116
729 581 877 643 57-

191 796 264 856 ante
298 790 475 875 legitimum
506 794 633 875 tempus
662 790 860 854 tribunatum
891 786 1081 854 consecutus
1114 792 1162 854 sit.
1193 789 1307 873 Neque

194 923 300 981 tamen
323 935 381 1000 pro
404 921 577 982 sertorem
601 915 757 980 affirmare
780 917 893 998 ausim,
916 934 953 979 eo
973 916 1090 997 minue,
1110 915 1196 999 quod
1216 915 1307 981 video

194 1040 376 1105 Ciceronem
390 1039 413 1123 1)
446 1039 596 1106 Catonem
627 1041 783 1105 dicentem
813 1040 982 1104 induxisse
1012 1058 1047 1105 se
1077 1039 1159 1104 bello
1183 1039 1306 1104 Punico

191 1165 334 1248 militem,
367 1164 452 1248 apud
484 1165 708 1248 Thermopylas
742 1184 825 1228 anno
857 1165 930 1228 191.
961 1184 986 1228 a.
1019 1163 1050 1227 C.
1081 1184 1112 1227 n.
1142 1163 1308 1230 tribunum

192 1290 331 1354 militum
353 1291 552 1373 pugnavisse.
576 1289 638 1354 Sed
662 1295 827 1374 utcunque
849 1289 926 1354 haec
948 1308 999 1354 res
1023 1309 1093 1354 sese
1111 1288 1214 1372 habet,
1227 1309 1308 1372 quae

193 1415 234 1478 ad
267 1417 369 1499 ipsam
401 1417 618 1498 quaestionem
646 1421 788 1479 nostram
817 1434 882 1478 non
913 1417 1056 1499 pertinet,
1084 1417 1148 1478 iam
1180 1415 1309 1479 demon-

194 1541 360 1605 strandum
379 1545 427 1605 est
444 1539 690 1621 Heynacherum
710 1559 814 1605 errare
835 1539 1048 1622 arbitrantem,
1061 1538 1211 1604 Catonem
1224 1559 1307 1603 anno

197 1666 259 1728 211
290 1664 388 1729 Fabio
411 1666 493 1730 duce
515 1657 708 1730 militavisse.
731 1665 869 1730 Videtur
892 1667 971 1729 mihi
995 1670 1138 1729 autnon
1162 1665 1309 1730 observa-

171 1854 174 1861 s
195 1794 280 1857 visse
293 1797 348 1856 aut
359 1792 539 1876 neglexisse
551 1790 710 1857 Ciceronis
721 1792 819 1856 verba
830 1792 870 1875 1);
887 1813 1108 1877 „quamquam
1121 1812 1195 1857 cum
1208 1794 1309 1858 colere

195 1922 283 2004 coepi
313 1939 379 1984 non
410 1920 587 1984 admodum
610 1919 764 2003 grandem
792 1924 879 2002 natu,
909 1920 965 1984 scd
992 1925 1098 1983 tamen
1121 1921 1185 1983 iam
1209 1925 1309 1984 aetate
1434 1932 1435 1935 ’

195 2051 396 2131 provectum3
422 2065 505 2110 anno
528 2047 614 2109 euim
635 2050 707 2129 post
728 2046 841 2110 consul
858 2047 998 2129 primum
1017 2043 1121 2110 fuerat
1142 2046 1174 2125 (i.
1187 2064 1212 2108 e.
1225 2047 1309 2130 233),

196 2192 292 2256 quam
323 2191 381 2256 ego
412 2178 507 2236 natus
529 2190 610 2235 sum.
635 2170 716 2235 Cum
740 2190 776 2235 eo
800 2176 950 2256 quartum
973 2172 1104 2236 consule
1129 2172 1160 2251 (i.
1185 2191 1210 2236 e.
1235 2173 1310 2254 214)

197 2298 451 2388 adolescentulus
482 2297 572 2361 miles
602 2297 642 2361 ad
674 2296 813 2380 Capuam
844 2296 1003 2381 profectus
1027 2317 1109 2380 sum,
1133 2295 1310 2380 quintoque
1367 2373 1371 2382 ¹

197 2443 280 2487 anno
306 2428 377 2507 post
400 2424 439 2486 ad
460 2422 661 2487 Tarentum”.

239 2547 325 2611 Hinc
353 2552 437 2612 recte
467 2548 613 2632 colligere
643 2549 721 2611 mihi
742 2548 852 2612 videor
874 2549 1013 2631 primum
1037 2567 1111 2612 eum
1134 2567 1218 2612 anno
1246 2549 1310 2612 214

195 2675 292 2739 Fabio
323 2675 404 2739 duce
433 2675 625 2739 militavisse.
658 2674 779 2751 Quodsi
801 2677 865 2738 iam
888 2677 1004 2759 pugnis
1027 2677 1104 2738 anni
1127 2676 1190 2738 217
1214 2677 1311 2740 inter-

196 2801 318 2882 diisset,
352 2820 417 2864 non
451 2806 498 2865 est
530 2801 616 2885 quod
647 2820 712 2864 uon
739 2802 798 2865 hoc
828 2802 896 2865 loco
927 2803 961 2865 id
992 2803 1191 2867 narravisset
1214 2803 1311 2868 Haud

197 2927 325 2992 difficile
348 2931 396 2991 est
419 2895 588 3010 explicatu,
613 2945 766 3010 quaeres
789 2927 902 2993 Silium
926 2928 1096 2992 adduxerit
1119 2928 1159 2992 ad
1183 2927 1310 2993 Catonis

197 3073 314 3118 nomen
338 3054 588 3118 memorandum.
609 3052 737 3117 Constat
757 3072 830 3118 eum
852 3055 1075 3138 septemdecim
1088 3073 1188 3118 annos
1200 3058 1311 3118 natum

196 3180 299 3262 prima
321 3178 476 3262 stipendia
500 3178 628 3262 quidem
651 3179 815 3261 meruisse,
837 3179 892 3242 sed
911 3197 977 3241 non
995 3177 1092 3242 Fabio
1113 3179 1201 3242 duce.
1223 3177 1312 3254 Quae

97 3303 99 3307 ’
200 3327 301 3391 quum
323 3307 367 3369 ita
390 3300 604 3388 essent‚'quid
627 3307 727 3388 magis
751 3326 792 3370 ex
814 3307 883 3388 ipsa
905 3324 1011 3369 rerum
1030 3310 1153 3388 natura,
1167 3325 1263 3389 quam
1275 3310 1312 3369 ut
1335 3289 1337 3292 ⁵

107 3453 109 3460 ’
199 3439 290 3518 poeta
324 3435 375 3498 sui
410 3435 559 3498 carminis
588 3435 654 3496 vim
685 3437 780 3516 atque
811 3433 1008 3516 splendorem
1032 3452 1148 3515 augere
1171 3432 1312 3496 studeret

200 3559 474 3623 commemorando
508 3561 611 3622 virum
641 3557 705 3622 illis
735 3557 930 3641 temporibus
962 3557 1183 3640 clarissimum,
1216 3576 1312 3640 quem

198 3689 358 3768 praeterea
381 3687 538 3749 constaret
560 3703 597 3748 eo
620 3702 703 3747 anuo
726 3685 865 3767 primum
888 3683 1097 3748 militavisse?

244 3808 322 3872 Post
343 3809 427 3871 hanc
449 3807 675 3892 digressionem
699 3809 866 3873 redeamus
889 3811 953 3873 iam
976 3808 1016 3872 ad
1038 3813 1258 3872 narrationem.

243 3933 355 3998 Hostis
379 3953 480 4016 quum
504 3952 573 3998 scse
595 3936 774 4017 recepisset,
798 3937 832 3998 in
856 3954 914 3998 sua
936 3936 1073 4019 quisque
1096 3935 1311 3998 castrarediit.

233 4237 260 4300 1)
280 4238 315 4288 De
333 4237 431 4288 Senect.
448 4237 489 4288 32.

130 4359 131 4362 =
233 4327 261 4393 2)
280 4329 316 4379 De
332 4328 431 4380 Senect.
447 4328 487 4380 lo.
