3364 5118
774 576 813 637 21

343 783 515 874 Egreditur
537 786 647 848 castris
671 785 762 849 miles
784 805 960 870 generosus
982 786 1021 849 ab
1044 788 1154 870 isdem,

343 908 370 972 ll
394 908 511 992 quibus
535 909 603 973 dux
625 909 693 974 fiori
718 911 851 993 quilibet
872 918 965 996 aptus
991 918 1065 976 erat.

279 1045 358 1122 Quis
382 1045 547 1129 dubitabit,
572 1049 650 1130 quin
671 1046 768 1112 Silius
788 1053 844 1112 aut
863 1054 1035 1133 utrumque
1054 1051 1178 1133 horum,
1196 1055 1252 1114 aut
1274 1051 1350 1115 alte-

232 1178 358 1238 rutrum
381 1174 488 1236 locum
513 1177 585 1237 ante
609 1174 718 1239 oculos
740 1159 910 1240 habuerit?

275 1299 372 1383 Apud
395 1298 523 1363 Livium
536 1299 559 1380 1)
578 1299 715 1384 legimus
735 1298 905 1365 Dictatoris
924 1302 1016 1365 iussu
1035 1299 1239 1366 Decemviros
1250 1301 1348 1365 libros

231 1423 404 1506 Sibyllinos
427 1423 542 1489 adiisse
566 1429 596 1489 et
617 1425 777 1489 rettulisse
799 1427 882 1489 inter
904 1426 1027 1508 reliqua
1050 1426 1203 1490 sacrificia
1222 1433 1252 1491 ct
1273 1448 1347 1510 sup-

229 1549 430 1633 plicationem
460 1549 636 1614 habendam
668 1569 746 1634 csse,
769 1556 800 1615 et
826 1552 921 1634 paulo
945 1551 1028 1614 infra
1041 1550 1081 1632 2);
1109 1553 1346 1635 ,supplicatum

228 1678 293 1741 iere
316 1697 390 1741 cum
414 1677 605 1761 coniugibus
625 1697 662 1741 ao
680 1677 787 1742 liberis
808 1671 873 1741 non
895 1678 1015 1742 urbana
1029 1679 1200 1743 multitudo
1213 1684 1347 1761 tantiam,

229 1803 285 1868 sed
318 1805 490 1888 agrestium
525 1804 629 1886 etiam,
663 1823 744 1887 quos
773 1806 808 1866 in
839 1806 947 1889 aliqua
978 1827 1036 1869 sua
1066 1806 1192 1869 fortuna
1219 1806 1347 1890 publica
1422 1873 1424 1876 ,

231 1948 360 2012 quoquc
383 1930 566 2012 contigisset
589 1928 695 1992 cura.''

272 2055 365 2119 Hanc
395 2055 590 2118 occasionem
622 2056 759 2138 captavit
790 2054 888 2119 Silius
920 2056 960 2118 ad
981 2056 1188 2120 inserendum
1212 2058 1346 2120 carmini

228 2201 286 2246 suo
316 2181 505 2266 llpisodium
533 2181 614 2244 illud
637 2182 776 2264 primum
800 2181 839 2244 ab
862 2181 1002 2245 Homero
1024 2181 1145 2264 fiotum,
1168 2182 1282 2247 deinde
1306 2182 1345 2246 ab

227 2308 376 2372 omnibus
398 2307 463 2372 fere
485 2309 585 2390 poetis
607 2309 704 2391 epicis
725 2309 844 2371 tritum.
865 2306 1020 2371 Ornatam
1033 2310 1223 2372 narrationis
1234 2310 1346 2392 petivit

231 2439 323 2518 podta
345 2453 386 2498 ex
408 2433 557 2497 Homero.
582 2433 670 2496 Iliad.
689 2433 721 2496 Z.
743 2434 927 2517 269-312,
939 2433 1056 2517 Vergil.
1069 2436 1149 2498 Aen.
1162 2433 1185 2497 Ι.
1199 2436 1264 2497 479
1276 2455 1343 2518 sqq.

227 2565 258 2625 et
280 2559 338 2623 XI.
362 2561 426 2622 477
441 2580 507 2643 sqq.
521 2560 552 2641 ³).

271 2686 402 2752 Summo
434 2688 615 2751 discrimine
642 2706 750 2750 rerum
773 2692 898 2750 coactae
920 2691 1082 2750 matronae
1104 2685 1265 2750 Romanae
1288 2687 1342 2750 ad-

225 2819 302 2878 eunt
326 2812 525 2897 Capitolium,
549 2817 585 2876 ut
606 2811 773 2894 Iunonem,
793 2813 883 2876 deam
909 2832 1006 2876 unam
1026 2814 1170 2875 omnium
1190 2811 1342 2877 Romanis

224 2940 472 3023 infestissimam,
494 2939 586 3024 peplo
611 2939 691 3021 dato,
714 2941 861 3023 mitigant
884 2936 1009 3021 sibiq'ue
1033 2939 1208 3001 concilient.

269 3065 372 3129 Simili
384 3065 476 3130 modo
488 3065 640 3129 Troianae
651 3065 799 3128 mulieres
811 3065 896 3147 apud
907 3064 1084 3128 Homerum
1097 3063 1341 3148 Vergiliumque

224 3190 400 3254 Minervam
423 3191 533 3253 iratam
558 3190 683 3273 placare
706 3189 843 3252 student.
861 3188 912 3251 Ex
934 3193 1078 3272 utroque,
1096 3195 1133 3251 ut
1153 3188 1341 3272 plerumque

163 3407 166 3414 .
223 3316 341 3380 factum
374 3322 429 3398 est,
458 3316 556 3380 Silius
587 3316 693 3379 hausit
723 3317 884 3379 materiam
915 3334 1016 3396 suam,
1041 3314 1126 3396 quod
1150 3317 1340 3397 comparatio

224 3461 283 3510 nos
307 3441 437 3504 docebit.

268 3567 321 3631 Sil.
341 3565 412 3629 VII.
438 3568 493 3628 75:

695 3653 815 3717 Maesto
839 3653 979 3716 suffusae
1001 3654 1124 3716 lumina
1147 3652 1240 3716 vultu

355 3780 525 3844 Femineas
549 3785 665 3843 matres
688 3779 831 3862 graditur
854 3779 986 3857 cborus;
1013 3780 1122 3842 ordino
1144 3779 1239 3862 longo

355 3906 474 3971 Iunoni
495 3905 610 3989 pallam
633 3910 847 3988 conceptaque
869 3910 943 3968 vota
967 3904 1121 3969 dicabant.

255 4156 383 4222 t,)XXII
400 4153 482 4219 9,19.

255 4248 282 4312 9)
300 4248 383 4310 XXII,
403 4245 482 4311 19,8.

254 4336 282 4401 3)
301 4338 398 4389 Statius
418 4353 521 4403 quoque
539 4337 617 4388 Theb.
634 4337 666 4401 X,
684 4335 783 4386 49-69
799 4337 911 4387 siimlem
928 4343 1014 4388 remt
1003 4339 1088 4388 traidt
