3364 5118
199 871 215 884 ..
252 794 291 856 10.
313 815 360 859 vs.
384 795 445 859 131
470 796 603 879 legitur:

341 967 455 1033 Irritus
479 969 596 1053 incepti
616 973 722 1032 movet
743 967 818 1031 inde
842 973 884 1014 -'-
909 1006 950 1014 -

210 1141 328 1205 Unde?
355 1141 443 1205 Num
467 1161 484 1206 e
509 1141 689 1226 Campania,
713 1161 796 1226 quae
814 1142 901 1226 regio
919 1146 1113 1226 postremum
1133 1142 1328 1226 prioralibro

211 1285 258 1329 vs.
286 1265 359 1348 651,
380 1266 400 1328 i.
413 1285 439 1329 e.
463 1265 608 1330 ducentis
628 1265 774 1330 versibus
794 1270 875 1349 ante,
895 1267 1082 1330 nominatim
1095 1267 1249 1350 appellata
1260 1269 1331 1332 est?
1410 1266 1412 1270 ”

217 1390 322 1454 Immo
346 1410 430 1473 vero,
453 1391 531 1473 loco,
555 1411 618 1474 quo
642 1393 711 1475 ipse
733 1393 767 1455 in
790 1391 880 1455 Fabii
901 1397 1072 1474 conspectu
1095 1397 1198 1456 castra
1215 1393 1333 1458 habue-

174 1483 175 1486 1
210 1520 267 1598 rat,
306 1517 361 1599 qui
395 1515 494 1598 locus,
528 1515 619 1579 Livio
632 1516 656 1598 1)
692 1518 720 1580 si
748 1516 843 1580 fidem
875 1517 1039 1599 habemus,
1069 1518 1187 1601 Arpi,
1213 1519 1241 1582 si
1270 1518 1331 1582 Po·

209 1641 296 1724 lybio
310 1643 333 1721 ²)
357 1643 491 1707 Aecae
514 1649 612 1725 erant,
635 1644 699 1727 sed,
724 1646 791 1708 sive
815 1645 875 1708 hoc
898 1647 1000 1709 mavis
1023 1647 1091 1710 sive
1109 1645 1198 1728 illud,
1218 1647 1330 1730 utique

209 1768 245 1829 in
267 1767 393 1849 Apulia.

256 1893 310 1956 ΠΟ.
333 1914 380 1957 vs.
405 1893 466 1957 131
482 1913 550 1977 sqq.
578 1893 710 1978 legitur:

565 2106 607 2114 —
631 2106 672 2114 —
696 2074 792 2153 atque
815 2069 922 2153 Apula
944 2071 1033 2135 tardo

345 2194 432 2257 Arva
454 2194 553 2276 Libys
577 2215 673 2278 passu
696 2195 780 2279 legit,
804 2215 841 2259 ac
861 2216 950 2260 nunc
974 2196 1055 2261 valle
1078 2199 1189 2262 residit

284 2344 287 2348 ·
345 2318 498 2384 Conditus
522 2321 653 2404 occulta,
677 2322 705 2385 si
726 2323 931 2405 praecipitare
954 2329 1140 2406 aequantem

344 2444 451 2529 Atque
473 2448 636 2530 inopinata
659 2447 752 2511 detur
775 2448 972 2512 circumdare
994 2447 1116 2513 frande.
1170 2521 1178 2535 ι

254 2619 343 2683 Haeo
366 2622 482 2703 optime
506 2621 662 2703 quadrant
684 2641 758 2685 cunr
782 2621 849 2685 Liv.
874 2621 983 2686 XXII.
1010 2623 1058 2685 12.
1085 2624 1114 2686 8.
1138 2623 1255 2687 Fabius
1274 2643 1331 2707 per

214 2746 277 2808 alta
299 2746 368 2809 loca
391 2766 505 2829 agmen
529 2746 664 2810 ducebat
685 2749 809 2812 modico
829 2719 977 2813 abhoste
989 2750 1164 2832 intervallo,
1176 2754 1213 2813 ut
1225 2769 1331 2834 neque

213 2873 371 2936 omitteret
394 2891 467 2936 eum
492 2891 596 2955 neque
620 2873 871 2956 congrederetur.

256 2995 379 3062 Deinde
403 3017 484 3081 quae
506 3004 686 3081 sequnntur
709 3018 770 3062 vss.
797 3000 859 3062 135
872 3019 957 3083 sqq:

343 3172 440 3236 Nunc
462 3179 619 3237 nocturna
642 3178 731 3256 parat
755 3192 865 3238 caecae
889 3174 1065 3238 celantibus
1089 3175 1212 3239 umbris

345 3298 443 3362 Furta
466 3300 545 3380 viae,
568 3304 716 3381 retroque
729 3268 860 3363 abitum
883 3298 1039 3382 fictosque
1062 3301 1191 3364 timores

345 3424 544 3501 Adsimulat3
568 3443 656 3487 nuno
678 3429 781 3487 castra
803 3425 886 3488 citus
909 3425 1031 3489 deserta
1052 3426 1160 3490 relicta

242 3587 243 3590 =
346 3548 491 3613 Ostentat
513 3549 636 3632 praeda,
660 3554 755 3632 atque
777 3550 891 3613 inritat
914 3550 1066 3634 prodigus
1089 3552 1220 3626 hostem,

212 3734 404 3817 respondent
427 3733 494 3797 Liv.
520 3733 629 3796 XXII.
656 3734 705 3797 12.
731 3734 766 3797 6;
791 3734 965 3817 Temptare
979 3737 1123 3798 animum
1143 3736 1219 3817 (scil.
1232 3736 1331 3819 Fabii)

213 3859 368 3923 movendo
404 3858 513 3922 crebro
546 3864 648 3923 castra
676 3860 923 3943 populandoque
953 3861 988 3923 in
1020 3859 1121 3924 oculis
1146 3863 1215 3925 eius
1240 3883 1332 3947 agros

214 3986 372 4048 sociorum
396 3985 514 4067 coepit3
541 3989 572 4048 et
594 3984 688 4047 modo
710 3986 804 4049 citato
824 3987 950 4069 agmine
970 4004 1011 4049 err
1031 3991 1204 4072 conspectu
1217 3986 1330 4070 abibat,

217 4141 363 4152 ..—

246 4229 273 4296 1)
291 4231 374 4281 xxu.
392 4231 431 4284 ra.

248 4320 437 4384 amma
