3360 5116
745 543 786 605 65

196 758 387 837 sequentem
406 753 458 816 hic
478 752 630 816 videmus.
642 751 745 816 Valde
765 753 871 834 miror,
886 753 971 836 quod
994 752 1226 834 Heynacherus
1238 755 1319 818 hano

198 863 400 943 occasionem
422 880 641 963 praetermisit,
662 879 725 942 nisi
746 877 879 942 fortasse
903 879 1047 942 adhunc
1067 880 1321 962 quoque-locum

198 1005 347 1102 pertinet,
382 1003 466 1086 quod
501 1003 648 1067 Bauerus
679 1004 718 1087 (p.
752 999 804 1084 25)
837 1003 1067 1086 animadvertit,
1090 1017 1217 1069 omnem
1239 1007 1322 1069 inter

198 1129 316 1193 Silium
347 1134 378 1193 et
408 1127 579 1210 Polybium
610 1101 809 1192 consensum
835 1117 965 1192 consilio
993 1131 1062 1193 eius
1084 1131 1322 1194 incommodum

198 1273 280 1336 esse,
313 1274 415 1338 eoque
450 1255 488 1318 de
517 1255 674 1318 industria
708 1256 821 1318 omisit.
851 1249 936 1317 'Nam
967 1275 1068 1337 quum
1091 1256 1322 1337 Heynacherus

200 1379 324 1462 ubique
352 1380 386 1443 id
408 1381 472 1463 agit
495 1385 532 1443 ut
554 1378 694 1444 Tabiana
717 1381 852 1464 vestigia
876 1385 975 1462 eruat,
997 1381 1128 1444 minime
1152 1382 1322 1446 concedere

197 1510 305 1589 potest
330 1505 466 1588 pendere
489 1525 563 1569 eum
586 1526 604 1568 a
626 1505 769 1588 Polybio,
794 1525 889 1590 quem
913 1504 1036 1590 Punico
1061 1513 1188 1571 auctore
1213 1507 1319 1572 Sileno

185 1611 302 1694 usum
324 1649 394 1694 esse
417 1634 546 1693 constat
570 1629 650 1692 Mihi
672 1649 861 1713 persuasum
884 1635 931 1695 est
954 1630 1068 1695 Silium
1090 1631 1150 1694 hoc
1172 1631 1241 1695 loco
1261 1630 1322 1694 Po-

199 1755 328 1837 lybium
353 1761 498 1820 secutum
522 1775 601 1837 esse,
625 1775 706 1839 quae
729 1775 779 1819 res
801 1775 837 1820 eo
856 1759 1065 1840 opportunius
1085 1759 1114 1821 ei
1126 1757 1322 1839 offerebatur,

202 1880 292 1964 quod
321 1880 534 1945 Hannibalem
557 1880 716 1964 extemplo
739 1878 874 1943 lunonis
896 1881 994 1944 iussis
1018 1900 1138 1945 morem
1159 1886 1323 1966 gerentem

201 2007 357 2071 inducere
378 2007 481 2071 vellet.

248 2131 460 2196 Transeamus
492 2132 531 2210 ad
562 2150 599 2195 ea
629 2150 711 2214 quae
742 2133 861 2195 interea
883 2130 1004 2195 Romae
1028 2131 1215 2194 acciderant.
1240 2131 1321 2196 Con-

202 2257 292 2320 sules
316 2259 411 2321 creati
435 2261 524 2321 erant
545 2256 579 2320 L.
603 2227 762 2320 Aemilius
785 2256 907 2319 Paulus
926 2261 957 2320 et
977 2255 1008 2318 O.
1026 2256 1192 2320 Terentius
1213 2257 1323 2340 Verre,

203 2401 343 2466 quorum
354 2401 458 2447 mores
471 2383 510 2446 ab
522 2382 598 2447 Silio
612 2388 643 2447 et
650 2381 739 2445 Livio
753 2382 890 2446 eundem
902 2383 936 2445 in
948 2383 1078 2446 modum
1089 2383 1321 2448 describuntur.

227 2521 303 2608 'su
327 2543 416 2626 vni,
440 2544 522 2607 me:

271 2683 380 2766 Atque
398 2683 444 2744 illi
464 2681 623 2766 [Varroni]
645 2684 713 2746 sine
732 2682 805 2746 luce
819 2701 931 2766 genus,
943 2683 1142 2767 surdumque
1153 2688 1320 2768 parentum

271 2805 397 2871 Nomen
420 2813 452 2871 et
473 2808 641 2871 immodice
666 2806 807 2871 vibrabat
830 2809 863 2870 in
889 2827 942 2871 ore
965 2827 1079 2873 canoro

271 2931 395 3017 Lingua
417 2953 549 3017 procax:
574 2933 649 2996 hinc
671 2936 785 2996 auctus
809 2952 884 3017 opes
905 2933 1079 3017 largusque
1097 2936 1226 3019 rapinae

271 3057 387 3122 Infima
409 3058 486 3121 dum
508 3059 597 3142 vulgi
618 3058 712 3140 fovet,
735 3057 932 3142 oblatratque
956 3064 1121 3139 senatum,

252 3209 316 3271 258
327 3230 333 3271 :

272 3357 371 3440 Idem,
394 3361 430 3421 ut
452 3357 617 3422 turbarum
641 3363 734 3441 sator,
757 3359 803 3422 sic
826 3359 938 3423 debilis
961 3365 1027 3424 arte

271 3485 438 3569 Belligera,
460 3485 658 3570 Martemque
682 3487 773 3550 rudis
796 3506 930 3570 versere,
954 3507 1013 3551 neo
1035 3488 1101 3552 ullo
1202 3567 1203 3570 Ἴ
1230 3509 1232 3514 ·

273 3611 438 3696 Spectatus
460 3613 552 3696 ferre,
574 3614 686 3698 lingua
710 3613 854 3698 sperabat
877 3579 963 3678 adire

272 3737 325 3802 Ad
347 3739 476 3803 dextrae
499 3739 605 3821 decus,
628 3745 723 3823 atque
746 3759 763 3804 e
785 3707 896 3804 rostris
919 3739 1003 3804 bella
1025 3739 1134 3803 ciebat.

250 3888 317 3952 niv.
347 3889 455 3952 XXII.
488 3891 538 3953 25.
572 3892 630 3954 18:
666 3940 681 3972 „
692 3891 786 3955 Unus
809 3892 959 3955 inventus
983 3896 1031 3955 est
1053 3910 1165 3955 suasor
1186 3890 1265 3974 legis
1290 3889 1322 3954 Ο.

205 4012 370 4079 Terentius
403 4013 514 4097 Varro,
549 4018 606 4099 qui
634 4018 739 4099 priore
769 4035 852 4079 anno
883 4021 1008 4099 praetor
1029 4011 1140 4099 fuerat,
1161 4017 1230 4079 loco
1254 4036 1320 4079 non

206 4138 320 4203 humili
342 4139 456 4222 solum,
479 4139 534 4203 sed
557 4141 651 4204 etiam
676 4141 801 4204 sordido
825 4139 949 4204 natus.”
972 4140 1051 4204 ibid.
1073 4141 1131 4204 26:
1156 4140 1215 4223 „Is
1232 4142 1323 4205 iuve-

206 4264 256 4328 nis
283 4264 505 4348 proclamando
528 4285 584 4347 pro
609 4264 744 4330 sordidis
767 4265 950 4329 hominibus
975 4268 1145 4350 causisque
1169 4267 1322 4331 adversus

1208 4387 1225 4437 5
