3360 5116
933 611 975 670 88

443 819 560 904 Vergil.
584 821 662 884 Aen.
686 820 759 884 VII.
783 821 847 884 350
871 821 948 884 item
971 821 1010 885 de
1033 827 1194 904 serpente:

531 947 590 1011 Ille
615 949 697 1011 inter
722 951 824 1012 vestes
847 952 878 1013 et
899 947 982 1012 levia
1002 953 1128 1032 pectora
1148 947 1257 1032 lapsus

529 1072 680 1137 Volvitur
701 1109 745 1120 -
768 1109 810 1119 -

441 1223 548 1289 Versu
573 1224 635 1288 227
662 1223 760 1287 huius
783 1222 856 1286 libri
877 1222 995 1308 legitur
1017 1222 1254 1306 resolvens,
1277 1221 1333 1288 sed
1353 1220 1400 1284 ibi
1421 1225 1515 1303 recte,

399 1348 464 1412 scil.
486 1347 649 1413 resolvens
672 1347 764 1412 orbes
787 1351 955 1412 contortos.
1005 1314 1007 1319 ¹

442 1474 555 1558 Itaque
577 1474 637 1537 hoo
660 1473 739 1556 loco,
761 1493 827 1538 una
848 1473 939 1538 litera
961 1477 1091 1557 mamm,
1105 1447 1218 1558 'legere
1239 1473 1365 1540 malim:

847 1637 889 1646 -
912 1636 955 1647 -
979 1599 1140 1684 longoque
1160 1599 1328 1665 revolvens

529 1729 655 1812 Aggere
677 1746 712 1792 se
736 1728 822 1810 ripae
843 1763 887 1774 —
909 1751 970 1789 -.·

441 1864 495 1929 Sil.
529 1863 586 1928 VI.
618 1864 690 1928 326.
704 1883 772 1948 sqq.
802 1862 924 1928 Versus
954 1864 1102 1948 corrupti
1132 1863 1249 1948 Agitur
1279 1864 1422 1948 dedolo,
1446 1885 1512 1949 quo

398 1988 604 2073 Xanthippus
627 1987 787 2053 Romanos
809 1990 843 2052 in
866 1989 999 2053 insidias
1021 1989 1166 2052 induxit:

527 2140 572 2204 At
594 2139 739 2204 fraudem
760 2145 900 2221 nectem,
922 2141 1024 2204 socios
1047 2139 1104 2203 ubi
1127 2159 1266 2205 concava
1287 2161 1366 2206 saxa

530 2264 733 2348 Claudebant,
758 2266 852 2330 vertit
874 2265 979 2330 subito
1003 2267 1174 2330 certamine
1198 2265 1322 2350 Graius

526 2391 569 2455 Et
593 2391 647 2455 dat
670 2396 757 2474 terga
781 2390 864 2455 celer
884 2390 957 2455 ficta
978 2390 1146 2456 formidine
1168 2391 1288 2455 dne-tor.

439 2541 554 2606 Varias
586 2541 722 2606 sanandi
748 2542 894 2624 rationes,
918 2561 997 2625 quas
1029 2560 1138 2605 omnes
1160 2541 1212 2605 hio
1234 2560 1419 2610 enumerare
1439 2541 1510 2605 lon-

395 2688 474 2754 gum
508 2672 564 2750 est,
596 2666 811 2738 adhibuerunt
843 2667 914 2730 Viri
936 2665 1038 2731 Docti.
1060 2666 1159 2730 Miror
1182 2667 1268 2751 quod
1290 2686 1383 2752 nemo
1405 2666 1511 2731 adhuc
1638 2653 1639 2656 ¹

395 2793 497 2857 haesit
529 2793 562 2856 in
597 2792 692 2857 verbo
726 2794 970 2875 certamine,
999 2793 1085 2876 quod
1106 2792 1281 2876 intelligere
1302 2793 1392 2857 nullo
1415 2792 1510 2856 modo

395 2938 535 3001 possum.
559 2917 675 2984 Melius
698 2918 832 2986 verbum
852 2919 996 2983 invenire
1020 2923 1153 2983 conatus
1176 2937 1257 2983 sum.

439 3043 478 3107 In
501 3050 640 3109 mentem
663 3045 742 3108 mihi
765 3044 853 3109 venit
874 3062 1080 3109 conamen.

440 3192 493 3257 Sil.
516 3193 587 3256 VIL
614 3195 694 3256 142:

530 3355 571 3365 -
595 3357 637 3365 -
661 3338 821 3386 exacuens
844 3321 932 3385 varia
954 3320 994 3385 ad
1017 3322 1183 3386 conamina
1204 3328 1353 3388 mentem.

440 3467 532 3534 Lucr.
555 3470 611 3534 VI.
635 3471 716 3535 326:

529 3633 570 3642 —
593 3631 637 3643 -
659 3596 813 3683 Magnum
836 3617 989 3664 conamen
1013 3599 1111 3664 sumit
1131 3600 1237 3665 eundi

438 3745 556 3810 Lucan.
577 3745 633 3811 IV.
657 3749 737 3811 286:
1013 3705 1016 3714 Ι

813 3912 856 3923 -
879 3915 921 3923 -
945 3883 976 3942 et
999 3878 1115 3944 mobile
1137 3883 1244 3946 nervis

529 3998 688 4064 Conamen
712 4002 833 4067 calidus
856 4003 984 4088 praebet
1006 4025 1108 4089 cruor,
1131 4044 1172 4054 —
1195 4043 1247 4071 —.

441 4122 531 4229 Oviti.
559 4123 640 4188 Fast
663 4125 719 4189 IV.
744 4129 823 4191 325:

527 4284 569 4294 -
592 4285 634 4296 -
659 4253 776 4335 exiguo
798 4252 907 4319 funem
929 4258 1094 4323 conamine
1117 4260 1222 4322 traxit.

443 4370 499 4435 Vel
523 4370 757 4440 Luctamen.
