3364 5118
708 652 748 714 33

225 859 285 923 His
314 859 410 923 rebus
436 860 570 923 narratis
594 859 634 922 ad
657 877 765 922 veram
787 859 951 922 historiam
974 859 1055 924 redit
1078 865 1178 943 polita.
1196 860 1292 925 ‚Post-

182 1004 279 1068 quam
302 1004 398 1068 supra
419 987 482 1048 iam
506 986 562 1066 (vs.
584 984 767 1064 loa-161)
787 985 937 1066 narravit,
955 984 1168 1048 Hannibalem
1182 1005 1294 1069 agrum

179 1109 350 1175 Falernum
370 1110 452 1175 ferro
474 1111 606 1194 ignique
625 1115 756 1192 vastare,
779 1111 823 1174 ita
845 1111 965 1194 pergit:

213 1272 285 1335 212.
308 1271 397 1335 Haec
418 1277 488 1335 tum
510 1231 600 1335 vasta
622 1270 725 1352 dabat,
747 1273 903 1354 terrisque
926 1271 1061 1335 infestus
1085 1271 1196 1355 agebat

312 1396 482 1478 Hannibal,
504 1401 535 1460 et
557 1398 632 1460 sicci
652 1396 858 1460 stimulabant
881 1398 1046 1481 sanguinis
1069 1416 1169 1473 enses,

313 1521 510 1586 Lndificante
533 1522 646 1586 ducem
670 1521 774 1585 Fabio.
798 1522 930 1605 Iamque
953 1521 1096 1606 improba
1112 1500 1229 1586 castris

314 1647 467 1712 Ausoniis
489 1652 571 1731 vota,
592 1653 622 1711 et
644 1648 809 1731 pugnandi
831 1667 928 1731 prava
955 1646 1052 1711 libido

314 1773 490 1853 Gliscebat3
514 1775 606 1857 proni
629 1773 795 1837 decurrere
819 1779 926 1837 monte
948 1773 1109 1857 parabant.
1139 1843 1142 1850 Ι

225 1923 286 1987 His
312 1923 417 1988 verbis
439 1943 588 2008 expressa
611 1929 686 1987 sunt
709 1943 790 2006 quae
814 1924 965 2008 leguntur
988 1925 1072 2008 apud
1093 1911 1159 1987 Liv.
1184 1924 1294 1988 XXII.

185 2050 234 2111 14.
260 2050 276 2112 1
301 2049 371 2130 „Ut
388 2069 475 2132 vere,
495 2055 664 2134 postquam
685 2049 724 2113 ad
743 2049 941 2114 Vulturnum
958 2050 1078 2114 flumen
1098 2055 1200 2114 castra
1221 2057 1297 2114 sunt

183 2176 293 2257 posita,
312 2175 506 2239 exurebatur
523 2177 767 2239 amoenissimus
786 2175 896 2239 ltaliae
916 2195 990 2259 ager
1008 2176 1166 2258 villaeque
1178 2179 1296 2260 passim

183 2300 338 2364 incendiis
367 2300 531 2364 fumabant
560 2320 615 2383 per
643 2302 719 2385 iuga
741 2300 869 2364 Massici
893 2303 1009 2365 montis
1031 2300 1128 2364 Fabio
1153 2302 1297 2383 ducente,

183 2429 252 2487 tum
274 2444 369 2508 prope
392 2426 430 2489 de
453 2427 575 2510 integro
600 2426 754 2490 seditione
777 2425 932 2490 accensi”.

228 2550 324 2634 Apud
363 2549 492 2614 Livium
527 2551 615 2634 vulgi
650 2553 842 2616 existimatio
877 2552 1067 2634 exprimitur
1100 2551 1297 2616 tumultuosa

91 2662 94 2667 ⁵
185 2677 324 2739 oratione
345 2674 488 2757 Minucii,
511 2678 654 2758 magistri
676 2676 830 2758 Equitum
845 2676 879 2758 1).
903 2674 983 2738 llam
1008 2677 1179 2740 orationem
1199 2676 1296 2742 Silius

182 2819 248 2864 non
267 2805 499 2884 commemorat,
521 2807 687 2865 contentus
706 2803 815 2886 paucis
836 2801 940 2864 verbis
959 2801 1119 2866 fremitum
1140 2804 1296 2868 incastris

182 2925 334 2991 Romanis
368 2928 515 2991 indicare.
550 2928 647 3011 Apud
675 2932 799 3011 poetam
829 2933 938 2990 eontra
964 2927 1099 3011 legimus
1123 2930 1295 2992 orationem

181 3051 278 3134 Fabii,
312 3052 417 3116 verbis
446 3054 609 3137 gravitatis
642 3054 743 3137 plenis
779 3055 1016 3124 criminationes
1050 3055 1084 3116 in
1119 3073 1153 3117 se
1185 3053 1295 3117 allatas

183 3177 362 3261 repellentis
376 3175 408 3259 2).

229 3300 321 3377 Quod
339 3301 436 3366 Silius
453 3302 586 3367 Fabium
599 3305 704 3388 potius
715 3303 898 3386 loquentem
911 3303 1098 3385 introduxit,
1111 3309 1200 3387 putat
1210 3303 1297 3385 Hey-

184 3426 385 3509 nacherus3),
407 3434 531 3512 potitam
558 3429 701 3493 dictatori
724 3430 826 3512 magis
849 3448 945 3511 quam
970 3430 1120 3512 magistro
1141 3429 1296 3512 Equitum

184 3553 300 3619 favisse
323 3559 354 3618 et
375 3555 470 3638 paulo
491 3555 574 3619 inira
596 3555 687 3619 dicit:
712 3552 832 3634 „Diese
851 3553 1034 3638 Errablung
1056 3555 1110 3619 der
1121 3554 1295 3619 Fabischen

185 3678 333 3743 Dictatur
366 3681 457 3744 weist
490 3679 548 3743 auf
577 3679 694 3743 Fabius
729 3679 836 3743 Pictor
865 3679 911 3742 als
947 3677 1086 3755 Quelle”.
1109 3679 1296 3744 Rectissime

186 3803 332 3868 Bauerus
345 3805 370 3886 4)
404 3803 606 3885 Heynacheri
642 3810 829 3888 argumenta
860 3804 968 3868 diluit:
1001 3811 1109 3869 monet
1136 3807 1220 3869 enim
1250 3808 1298 3887 (ut

186 3993 331 4004 ——--...-.

217 4121 244 4185 l)
265 4121 344 4171 XXII
360 4120 399 4185 ll,
418 4120 498 4186 lsqq

217 4211 244 4276 2)
262 4212 316 4263 Vll.
334 4210 473 4262 ‘xro-am.

217 4300 490 4368 3..7.>1>rogr03§

217 4390 349 4458 3..)Pl3
