3364 5118
752 601 793 661 35

252 808 319 873 111.
353 807 461 873 XXH.
496 811 546 872 25.
580 811 619 872 12
647 807 753 890 „Cum
776 809 885 872 bienni
908 808 1012 873 clades
1033 829 1090 893 per
1114 811 1321 874 temerItatem

209 940 304 1018 atque
326 937 526 1000 inscientiam
549 936 668 999 ducum
691 940 833 1019 acceptas
856 934 1015 999 referret’'.

254 1061 308 1126 Sil.
331 1061 403 1125 VII.
429 1063 510 1125 223:
555 1137 560 1146 Ι

282 1222 284 1227 ·
320 1186 388 1269 Stat
408 1193 539 1272 pensata
560 1188 614 1251 diu
638 1186 712 1251 belli
735 1187 897 1267 sententia,
922 1187 1046 1249 vincam

322 1312 453 1377 Servare
476 1315 601 1376 invitos.

235 1439 307 1500 239.
323 1437 475 1521 Magnum
499 1438 578 1501 illud
603 1439 742 1521 solisque
766 1438 883 1519 datum,
907 1458 987 1520 quos
1012 1440 1096 1502 mitis
1121 1443 1231 1504 euntes
1316 1409 1319 1416 ‚

322 1564 442 1648 Iupiter
464 1564 618 1648 adspexit,
641 1585 791 1648 magnum
816 1569 872 1645 est,
896 1584 937 1628 ex
958 1565 1048 1628 hoste
1070 1567 1194 1629 reverti.

257 1687 324 1750 Liv.
348 1687 456 1751 XXH.
482 1689 532 1750 25.
559 1689 598 1750 15
626 1688 688 1768 „In
712 1693 850 1770 tempore
870 1693 901 1752 et
919 1690 988 1752 sine
999 1689 1173 1772 ignominia
1185 1707 1328 1752 servasse

213 1815 387 1904 exercitum
412 1834 510 1897 quam
532 1813 631 1876 multa
654 1813 742 1876 milia
764 1813 903 1876 hostium
923 1814 1074 1877 occidisse
1093 1814 1245 1877 maiorem
1261 1813 1328 1897 glo-

213 1940 292 2002 riam
316 1937 416 2002 esse’'.

259 2064 325 2129 Suo
347 2066 426 2147 iure,
446 2065 565 2148 opinor,
584 2068 744 2148 comparat
761 2063 923 2129 Wezelius
936 2061 960 2147 ¹)
980 2070 1150 2148 praeeunte
1162 2065 1287 2130 Mureto
1306 2066 1329 2148 2)

216 2209 329 2255 versus
352 2189 438 2254 Silii:

240 2315 510 2380 menervinen
533 2315 624 2379 nobis
647 2315 749 2398 corda,
772 2315 1008 2399 abruptumque
1030 2322 1196 2400 putassent

327 2442 496 2526 Ingenium
519 2445 630 2524 patres
654 2442 733 2504 etsi
756 2440 956 2520 clamoribus,
979 2442 1094 2525 inquit,

328 2565 459 2630 Turbati
481 2565 604 2628 facilem
628 2570 783 2645 mentem3
806 2584 870 2628 non
893 2566 1006 2629 ultima
1028 2585 1134 2630 rerum

329 2691 370 2755 Et
392 2690 543 2775 deplorati
565 2690 767 2753 mandassent
789 2689 900 2754 Martis
923 2690 1069 2754 habenas.

265 2838 338 2882 oum
362 2817 423 2881 Cic.
445 2837 501 2902 pro
526 2816 557 2879 O.
580 2815 707 2880 Rabirio
730 2835 754 2880 o.
780 2817 798 2878 6
826 2815 937 2897 „Nihil
959 2837 1010 2881 me
1030 2817 1148 2880 clamor
1166 2819 1226 2881 iste
1247 2837 1332 2880 oom-

221 2950 335 3026 116161,
369 2943 424 3008 scd
459 2942 647 3018 consolatur,
682 2962 782 3025 quum
811 2943 938 3024 indicat,
969 2962 1037 3007 6886
1068 2943 1223 3026 quosdam
1247 2945 1332 3008 cives

221 3071 393 3154 imperitos,
422 3068 478 3133 sed
507 3087 570 3132 non
595 3069 721 3132 multos.
744 3068 927 3153 Nunquam,
950 3069 1029 3132 mihi
1051 3070 1175 3151 credite,
1199 3070 1334 3153 populus

222 3196 394 3278 Romanus,
414 3196 475 3270 hic,
499 3197 555 3279 qui
579 3195 657 3277 81161,
680 3195 843 3260 consulem
868 3215 917 3259 me
939 3194 1074 3286 fecisset,
1097 3197 1124 3260 si
1149 3198 1332 3261 168116616-

223 3342 309 3388 more
330 3321 550 3407 perturbatum
572 3323 612 3384 iri
635 3321 840 3386 arbitraretur
851 3320 905 3404 3)”.

226 3467 371 3476 m

256 3532 283 3596 1)
301 3532 330 3582 Ρ.
348 3529 388 3582 57.
407 3529 447 3581 58.

256 3622 284 3687 1)
302 3623 392 3674 Variae
408 3623 536 3673 lectiones.
554 3621 586 3672 11.
606 3621 644 3673 14.

258 3712 285 3778 3)
303 3714 437 3764 Praeterea
459 3719 544 3764 censet
562 3713 689 3765 Wezelius
707 3714 742 3779 (p.
759 3712 800 3764 31.
820 3713 863 3779 35)
882 3716 913 3766 ad
930 3716 1001 3766 hunc
1017 3716 1102 3766 locum
1120 3722 1233 3781 spectare
1250 3732 1338 3768 versus

226 3804 356 3855 Ennianos
371 3802 420 3854 297
430 3819 485 3869 sqq.

392 3923 423 3932 -
439 3925 473 3932 -
489 3896 570 3946 Multa
586 3897 640 3947 dies
656 3898 684 3947 in
700 3897 766 3947 bello
782 3897 885 3948 conficit
901 3913 984 3948 unus:

391 3987 422 4037 Et
439 4001 532 4037 rursus
550 3987 647 4037 multae
663 3988 780 4038 fortunae
797 3989 861 4038 forte
878 3989 1048 4039 recumbunt:

391 4077 598 4142 Haudquaquam
614 4093 774 4141 quemqnam
791 4093 891 4142 semper
908 4079 1011 4128 fortuna
1029 4083 1116 4129 secuta
1132 4084 1178 4131 681.

261 4169 351 4220 Nescio
372 4183 406 4218 an
428 4173 495 4219 recte
520 4169 645 4219 eiusmodi
667 4169 839 4219 inconstantia
856 4169 974 4219 fortunae
992 4169 1020 4219 in
1036 4170 1127 4233 quavis
1142 4170 1192 4219 alia
1209 4185 1236 4220 re
1253 4171 1338 4220 locum

227 4260 321 4311 habere
337 4261 421 4324 possit.
440 4259 540 4310 Mecum
554 4260 614 4310 facit
630 4242 779 4324 Vahlenius‚
796 4261 843 4323 qui
858 4261 937 4311 huius
956 4261 1092 4327 fragmenti
1107 4262 1263 4312 occasionem
1279 4262 1342 4312 velle

227 4351 338 4402 indicare
355 4365 409 4402 esse
426 4351 545 4401 hariolari
563 4352 630 4401 dicit.
