3364 5118
749 582 789 642 55

205 790 296 872 apud
319 789 434 853 Silium
455 793 597 874 gentium
622 793 752 854 nomina
771 792 895 874 dantur,
909 797 944 855 ut
956 791 1011 855 IV.
1027 793 1088 854 521
1100 814 1107 853 :
1120 790 1229 875 Ligus,
1243 792 1323 854 595:

204 913 368 998 Hirpinus
391 920 422 978 et
444 917 562 998 passim
585 915 667 978 alibi.

253 1039 372 1104 Paucis
402 1041 548 1104 versibus
577 1046 649 1125 post
672 1040 729 1122 (vs.
755 1040 829 1120 609)
861 1039 1015 1104 habemus
1037 1040 1213 1124 Idmonem,
1237 1043 1323 1124 quod

204 1182 327 1228 nomen
351 1164 435 1248 apud
459 1165 622 1228 Valerium
646 1164 793 1229 Flaooum
816 1165 903 1228 haud
926 1165 1023 1228 semel
1044 1164 1168 1248 legitur.

255 1289 418 1354 Carmelus
442 1290 498 1372 (vs.
522 1291 596 1371 661)
616 1310 732 1355 nomen
747 1290 880 1355 fortasse
899 1293 996 1354 traxit
1015 1296 1153 1356 amente
1167 1291 1323 1357 Gaiilaeae

204 1415 373 1479 Inferioris
396 1417 571 1499 notissimo,
594 1418 677 1480 sicut
695 1415 840 1500 Bagrada
861 1418 918 1497 (vs.
931 1416 1009 1499 663)
1022 1437 1040 1479 a
1052 1415 1184 1480 flumine
1196 1417 1324 1481 Africae

205 1542 410 1626 Zeugitanae.

254 1667 304 1732 De
324 1671 434 1732 ceteris
454 1668 638 1732 nominibus
659 1669 736 1730 mihi
752 1687 816 1731 non
828 1670 905 1732 satis
917 1673 1048 1751 constat,
1060 1669 1146 1733 unde
1159 1669 1325 1753 desumpta

207 1795 285 1857 sint.
308 1792 396 1857 Haeo
418 1813 519 1877 pauca
541 1793 686 1876 exempla
706 1792 850 1857 suffioere
868 1793 1009 1876 arbitror,
1028 1793 1145 1877 quibus
1164 1793 1324 1877 probetur,
1393 1848 1395 1852 .

86 1982 90 1990 ,
207 1919 355 2002 undique
376 1923 407 1982 et
430 1938 472 1983 ex
493 1919 623 1982 historia
647 1924 677 1982 et
699 1937 741 1982 ex
763 1917 956 2002 mythologia
976 1923 1007 1982 et
1026 1938 1068 1982 ex
1086 1919 1277 2002 geographia
1287 1938 1324 1983 ea

206 2045 344 2110 oonflata
366 2063 443 2110 esse.

256 2171 309 2235 Sil.
333 2170 404 2234 VH.
427 2171 507 2234 691:
633 2179 636 2186 '

343 2297 387 2360 At
409 2295 494 2378 Cato,
516 2301 586 2360 tum
608 2299 746 2380 primum
770 2317 899 2381 sparsus
920 2297 1072 2382 lanugine
1094 2298 1202 2381 malas,

344 2421 436 2498 Quod
459 2441 606 2506 peperere
630 2388 726 2486 deous
750 2421 877 2486 Circaeo
901 2422 1036 2488 Tuscula
1059 2423 1153 2487 dorso

342 2548 476 2631 Moenia,
496 2547 626 2612 Laertae
649 2547 809 2632 quondam
832 2554 962 2632 regnata
984 2551 1099 2632 nepoti,

344 2672 543 2757 Quamquam
567 2673 705 2738 tardatos
728 2672 855 2737 bubata
876 2673 979 2737 fronte
1001 2673 1131 2738 Latinos

342 2798 512 2883 Collegisse
533 2798 667 2882 gradum
691 2800 785 2882 videt,
808 2801 1039 2882 imperterritus
1061 2802 1129 2884 ipse

343 2924 470 2989 Ferrata
492 2925 576 2989 oaloe
599 2931 694 3009 atque
717 2925 816 2990 effusa
838 2925 946 3008 largus
968 2925 1090 2990 habena

343 3050 552 3115 Cunctantem
575 3051 755 3134 impellebat
778 3071 899 3135 equum
923 3057 979 3116 eto.

254 3176 483 3257 Heynaoherus
495 3177 571 3240 dioit
580 3173 618 3257 l):
634 3176 929 3258 „Beaohtenswerth
941 3180 991 3260 ist,
1000 3179 1072 3242 dass
1085 3178 1182 3242 Silius
1195 3180 1322 3262 erzdhlt,

210 3301 295 3385 Cato,
318 3304 387 3367 dem
413 3304 468 3367 der
492 3310 573 3368 erste
595 3303 708 3367 Flaum
733 3305 783 3368 die
800 3303 923 3388 Wange
944 3305 1168 3386 umkrduselte,
1189 3303 1269 3368 habe
1288 3307 1322 3367 in

123 3459 126 3464 ·
210 3430 313 3493 dieser
341 3428 487 3493 Sahlaoht
509 3430 739 3514 mitgefoohten.
763 3428 928 3493 Cornelius
950 3429 1056 3513 Nepos
1080 3435 1148 3513 sagt
1171 3431 1321 3514 dagegen,

210 3552 293 3616 Cato.
328 3555 362 3616 1:
390 3603 405 3636 „
415 3555 559 3619 Primum
584 3556 777 3639 stipendium
799 3557 915 3619 meruit
938 3574 1094 3618 annorum
1119 3554 1226 3618 decem
1252 3574 1321 3639 sep-

209 3686 346 3764 temque,
381 3680 416 3756 Q.
445 3682 542 3745 Fabio
572 3681 722 3764 Maximo,
749 3681 791 3745 M.
816 3681 946 3746 Claudio
968 3680 1116 3745 Mareello
1142 3680 1248 3746 Coss.'’
1271 3680 1321 3747 Da

79 3853 81 3858 ,
132 3831 136 3840 ·
211 3806 296 3870 diese
325 3805 439 3870 beiden
470 3808 534 3869 214
566 3807 706 3872 Consuln
737 3827 852 3890 waren,
875 3827 910 3871 so
934 3815 1017 3871 ware
1040 3807 1115 3872 Cato
1140 3809 1234 3872 somit
1257 3810 1319 3872 231

209 3932 355 4017 geboren.
377 3933 466 3997 Naoh
489 3934 586 3999 Silius
608 3934 729 4018 kampft
751 3953 786 3997 er
809 3934 907 3998 sohon
928 3934 990 3996 217
1012 3938 1107 3998 unter
1123 3933 1241 3997 Fabius
1253 3933 1320 3997 und

209 4059 380 4143 Minucius,
403 4060 470 4124 und
494 4067 585 4144 wire,
609 4080 703 4125 wenn
725 4062 784 4123 wir
806 4061 862 4123 ihn
885 4059 1005 4124 damals
1030 4061 1070 4123 17
1094 4059 1191 4124 Jahre
1211 4060 1254 4124 alt
1265 4080 1320 4123 an-

242 4331 270 4396 1)
288 4331 375 4396 eroga.
393 4346 415 4381 e.
431 4328 447 4379 5
464 4330 477 4395 s
493 4329 534 4379 aa.
