3364 5118
873 601 914 661 52

336 811 456 873 tionem
478 813 640 893 tantopere
661 809 829 890 contraxit
852 807 1095 871 similitudinem
1118 827 1196 870 casu
1215 807 1292 870 oriri
1310 807 1451 890 potuisse

339 954 457 1018 negare
478 935 559 998 nolo.

386 1059 439 1124 Sil.
464 1059 536 1122 Vll
560 1059 639 1121 516:

692 1223 733 1231 —
757 1224 798 1232 —
823 1185 978 1250 Cernebat
992 1181 1024 1267 ¹),
1047 1190 1078 1248 et
1102 1203 1218 1268 expers

514 1311 639 1374 Irarum
661 1313 776 1393 senior,
797 1332 929 1395 magnes
951 1331 993 1375 ne
1014 1312 1165 1395 penderet
1186 1311 1243 1374 alti

515 1437 639 1501 Erroris
661 1457 777 1521 poenas
799 1440 899 1522 patria
919 1438 1108 1520 ineonsulta,
1130 1436 1268 1501 timebat

382 1559 479 1623 Haud
503 1564 567 1624 scio
590 1583 631 1624 an
653 1583 716 1626 vss.
736 1564 808 1625 517.
830 1565 902 1625 518.
923 1561 1064 1626 scribens
1084 1567 1158 1624 ante
1178 1561 1287 1624 oculos
1306 1559 1452 1623 habuerit

340 1683 406 1746 Liv.
429 1684 538 1748 XXIL
561 1686 612 1748 26.
639 1688 666 1749 7.
692 1686 803 1766 „Satis
825 1687 939 1769 fidens,
959 1687 1210 1770 haudquaquam
1231 1705 1306 1749 oum
1328 1686 1453 1768 imperii

340 1811 410 1872 iure
433 1815 532 1874 artem
554 1812 731 1894 imperandi
754 1811 951 1894 nequatam.'’

385 1934 502 1998 Fabius
537 1934 728 1999 Gereonium
760 1937 800 2000 ad
830 1938 1006 2000 exereitum
1036 1936 1117 1999 redit
1147 1937 1204 2017 (vs
1236 1935 1323 2017 519),
1344 1934 1452 2018 ibique

340 2061 374 2121 in
394 2060 474 2123 duas
492 2066 595 2142 partes
616 2063 715 2143 eopiis
732 2061 844 2124 divisis
856 2081 915 2124 sua
925 2049 1027 2124 eastra
1038 2061 1120 2123 looat
1131 2061 1165 2122 in
1176 2059 1256 2123 nolle
1266 2061 1453 2143 propinquo.

340 2181 499 2248 Differunt
531 2187 566 2248 in
595 2187 654 2249 hae
681 2206 717 2250 re
745 2188 902 2250 narranda
930 2188 1013 2250 inber
1043 2205 1078 2249 se
1099 2185 1211 2249 Livius
1234 2193 1266 2249 et
1287 2185 1450 2266 Polybius.

339 2309 398 2374 Ille
414 2310 523 2373 XXII.
544 2312 594 2372 27.
615 2317 722 2375 narrat
741 2311 918 2376 Minucium
938 2314 1093 2396 optimum
1112 2313 1245 2376 duxisse
1264 2318 1321 2375 aut
1340 2311 1452 2375 diebus

341 2437 479 2518 alternis,
506 2442 562 2500 aut
591 2439 619 2501 si
649 2439 768 2501 maiora
796 2439 962 2502 intervalla
991 2439 1158 2522 plnoerent,
1179 2441 1303 2522 partitis
1333 2425 1463 2522 tempo?

340 2563 429 2628 ribus
462 2564 591 2627 alterius
626 2583 790 2627 summum
821 2565 874 2627 ius
905 2566 1141 2648 imperiumque
1170 2584 1256 2644 esse3
1287 2563 1323 2640 Q
1355 2563 1451 2628 Fabio

340 2695 449 2753 eontra
477 2689 510 2752 id
539 2709 605 2752 non
635 2690 792 2773 placuisse
823 2695 919 2773 atque
941 2690 1126 2774 obtinuisse,
1149 2697 1186 2755 ut
1207 2692 1348 2775 legiones
1370 2693 1453 2754 inter

341 2833 376 2877 se
398 2813 581 2877 dividerent

385 2938 540 3019 Polybius
568 2944 677 3003 contra
704 2939 762 3002 ΠΙ.
796 2941 867 3003 103.
891 2928 1040 3024 [Fabius]¹
1055 2937 1159 3018 αἵρεσιν
1181 2940 1260 3020 αὐτῷ
1284 2939 1450 3025 [Minucio]

341 3061 483 3142 προύτεινε
504 3062 648 3136 τοιαύτην,
672 3061 689 3136 ἢ
709 3064 791 3127 κατὰ
810 3062 894 3144 μέρος
913 3063 1014 3144 ἄρχειν
1032 3063 1049 3138 ἢ
1069 3063 1230 3142 διελόμενον
1249 3064 1305 3137 τὰς
1317 3064 1455 3141 δννοέρινεις

340 3190 466 3268 χρῆσθαι
493 3196 553 3259 τοῖς
582 3188 729 3269 σφετέροις
759 3189 962 3270 στρατοπέδοις
990 3190 1073 3254 κατὰ
1098 3189 1151 3263 τὴν
1173 3191 1263 3255 αὑτοῦ
1286 3190 1452 3271 προαίρεσιν.

340 3317 392 3377 τοῦ
422 3313 453 3376 δέ
482 3311 535 3376 καὶ
565 3314 632 3376 λίαν
658 3313 793 3392 ἀσμένως
815 3313 976 3392 δεξαμένου
998 3317 1047 3380 τὸν
1070 3318 1219 3396 μερισμὲν,
1243 3314 1398 3394 διελόμενοι
1419 3316 1453 3381 τὸ

339 3441 448 3512 πλῆθος
470 3437 561 3519 χωρὶς
583 3440 849 3520 ἐστρατοπέδευσαν
872 3441 1021 3516 αλλήλων.

384 3563 486 3629 Nemo
509 3571 632 3649 praeter
650 3565 819 3648 Polybium
837 3569 898 3632 boe
916 3568 1009 3632 modo
1028 3587 1095 3632 rem
1116 3569 1331 3651 narravitalii
1342 3588 1453 3634 omnes

374 3798 402 3862 1)
427 3800 476 3848 Pro
499 3799 662 3850 Cernebat
684 3801 716 3850 N.
739 3800 860 3852 Heinsius
883 3803 1002 3852 emendet
1021 3801 1216 3866 spernebat.
1240 3803 1317 3853 Addit
1335 3803 1451 3854 Draken-

341 3891 473 3941 borohius:
493 3893 526 3938 τδι
544 3906 654 3957 „expers
669 3891 784 3941 irarum”
801 3895 900 3957 doeent,
915 3909 967 3944 non
982 3895 1049 3944 male
1064 3894 1097 3943 N.
1112 3894 1249 3944 Heinsium
1266 3894 1456 3959 Spernebat

340 3999 386 4048 pro
409 3983 575 4034 Cernebat
591 3983 754 4034 scribendum
770 3986 912 4036 coniecisse.
931 3986 1079 4036 Withovius
1096 3987 1158 4052 legit
1174 3986 1327 4038 Cedebat.
1344 3987 1455 4038 Utrum-

339 4090 391 4140 que
407 4079 497 4138 aptum
515 4079 553 4124 est
567 4075 662 4124 sensui.
677 4074 840 4125 Cernebat
855 4082 1006 4140 corruptum
1021 4082 1048 4126 et
1062 4077 1132 4126 aliud
1146 4077 1255 4127 verbum
1269 4078 1455 4141 requirendum

339 4180 401 4229 esse,
428 4179 474 4215 nos
490 4165 581 4214 dooent
596 4165 673 4214 verba
690 4165 794 4215 Liviana
812 4167 893 4216 XXll.
913 4165 954 4216 26.
977 4166 1002 4216 6.
1019 4167 1098 4233 „lpse
1116 4167 1242 4232 (Fabius),
1260 4183 1313 4233 qua
1330 4170 1454 4234 gravitate

339 4256 420 4308 animi
435 4255 601 4306 criminantes
618 4270 645 4304 se
660 4257 692 4304 ad
709 4257 903 4307 multitudinem
919 4259 1037 4308 inimicos
1053 4259 1156 4322 tulerat,
1172 4259 1262 4308 eadem
1279 4265 1306 4310 et
1323 4260 1409 4324 populi
1427 4260 1455 4308 in

340 4364 367 4399 se
383 4347 519 4398 saevientis
535 4346 658 4396 iniuriam
677 4346 762 4396 tulit.”
