3360 5116
221 827 278 893 Sil.
299 829 388 894 VIII.
414 829 495 892 274:

305 1017 347 1025 -
372 1017 414 1024 —
438 978 527 1054 Quae
549 981 650 1062 prima
672 979 739 1043 dies
762 978 942 1061 ostenderit,
965 978 1088 1043 hostem

267 1105 309 1169 Et
331 1111 456 1190 patrum
481 1124 579 1189 regna
602 1111 633 1170 et
654 1104 839 1170 Poenorum
862 1104 944 1169 bella
966 1106 1110 1170 resolvet.

220 1252 290 1316 Liv.
312 1252 421 1317 XXII.
447 1255 496 1316 38.
521 1255 548 1317 7.
575 1253 649 1336 „Sa
674 1247 737 1338 quo
761 1255 812 1319 die
835 1255 958 1318 hostem
981 1256 1123 1337 uidisset,
1143 1255 1298 1339 perlectu-

177 1399 253 1442 rum
278 1378 448 1461 (bellum).”

223 1529 323 1594 Porro
347 1530 386 1594 de
408 1530 554 1612 Aemilia,
578 1529 632 1600 Sil.
656 1529 744 1593 Vm.
770 1533 854 1594 284:

270 1654 424 1720 Cernebat
444 1655 567 1720 Paulus
590 1659 739 1739 (namque
761 1657 837 1720 huic
860 1659 1041 1721 communia
1066 1657 1204 1743 Campus

269 1781 345 1844 Iura
365 1787 461 1865 atque
484 1802 572 1845 arma
594 1782 677 1864 tulit)
699 1781 772 1863 labi,
797 1787 957 1866 mergente
982 1785 1110 1848 sinistro

271 1904 491 1989 Consulares,
514 1926 710 1991 pessumque
734 1907 818 1970 dari:
843 1907 899 1972 sed
922 1907 1047 1973 mobilis
1070 1911 1117 1973 ira

270 2031 399 2096 Turbati
422 2033 521 2116 vulgi,
544 2035 732 2117 signataque
756 2039 861 2098 mente
885 2035 1017 2097 cicatrix

270 2158 436 2223 Undantes
459 2178 552 2243 aegro
575 2158 719 2223 frenabat
741 2160 835 2224 corde
857 2159 988 2224 dolores.

270 2281 354 2347 Nam
378 2304 480 2367 quum
501 2284 677 2368 perdomita
700 2290 748 2349 est
769 2287 866 2349 aruris
889 2285 1084 2350 iuvenilibus
1108 2286 1181 2350 olim

271 2407 379 2489 Illyris
402 2428 457 2473 ora
480 2410 549 2491 viri,
572 2411 663 2493 nigro
687 2409 896 2474 adlatraverat
919 2429 972 2474 ore

273 2533 431 2598 Victorem
456 2534 586 2617 invidia,
610 2539 641 2599 et
663 2536 767 2598 ventis
790 2536 920 2598 iactarat
942 2537 1070 2618 iniquis.

225 2681 292 2745 Liv.
321 2681 430 2746 XXII.
456 2684 506 2746 35.
532 2685 560 2746 3.
591 2682 696 2764 „Tum
725 2682 873 2747 nobilitas
895 2682 929 2746 L.
953 2684 1127 2748 Aemilium
1150 2683 1300 2768 Paulum,

180 2809 239 2892 qui
269 2827 343 2872 cum
373 2807 415 2870 M.
446 2807 535 2872 Livio
560 2809 672 2872 consul
693 2808 806 2890 fuerat,
829 2827 871 2872 ex
895 2808 1096 2874 damnatione
1118 2809 1255 2894 collegae
1267 2810 1300 2893 1),

180 2953 224 2998 ex
258 2954 321 3018 qua
353 2953 450 3018 prope
483 2933 654 2998 ambustus
691 2938 842 3016 evaserat,
871 2934 1024 2998 infestum
1053 2935 1147 3019 plebi,
1177 2938 1233 3001 diu
1263 2957 1299 3001 ac

179 3059 321 3123 multum
343 3063 542 3124 recusantem
565 3058 605 3122 ad
627 3061 810 3162 petitionem
829 3058 980 3143 pepulit.”
999 3060 1078 3124 Ibid.
1098 3063 1150 3125 40.
1173 3064 1208 3124 3:
1233 3063 1299 3144 „Se

179 3185 332 3270 populare
354 3185 538 3249 incendium
562 3185 666 3268 priore
689 3184 858 3249 consulatu
882 3186 1059 3250 semustum
1084 3187 1263 3272 effugisse.'’

227 3310 352 3393 Fabius,
388 3311 517 3375 alterius
552 3311 692 3375 consulis
726 3313 854 3394 ingenio
886 3314 1020 3396 cognito,
1049 3313 1298 3398 proficiscentem

180 3435 216 3500 L.
239 3437 412 3501 Aemilium
440 3436 578 3501 Paulum
601 3439 744 3521 longiore
767 3439 907 3501 oratione
930 3438 1122 3522 adhortatur,
1147 3446 1184 3504 ut
1206 3449 1298 3506 caute

180 3581 248 3626 rem
266 3568 371 3646 gerat;
392 3582 473 3647 quae
494 3565 592 3627 oratio
615 3569 645 3627 et
664 3563 748 3646 apud
767 3562 881 3626 Silium
894 3570 924 3627 et
937 3565 1021 3648 apud
1034 3563 1161 3629 Livium
1174 3567 1297 3650 legitur.

227 3711 280 3776 Sil.
304 3712 392 3776 VIII.
417 3713 498 3776 297:

271 3863 358 3927 Huic
379 3862 497 3927 Fabius
518 3864 583 3926 iarn
606 3865 864 3946 castropetenti:
889 3901 931 3910 -
956 3901 998 3910 —

228 4011 295 4076 Iriv.
316 4011 425 4076 XXII
450 4012 499 4074 38.
525 4011 585 4074 13:

217 4369 245 4436 l)
263 4371 300 4421 De
315 4386 344 4421 re
360 4371 417 4421 vide
433 4371 502 4422 Plut.
519 4371 579 4422 Fab.
596 4371 660 4420 Max.
681 4370 719 4422 14.
736 4370 825 4437 Polyb.
843 4371 888 4421 111.
905 4368 946 4421 16.
962 4370 1003 4422 la.
