3360 5116
895 620 934 681 72

362 827 479 914 habere
502 829 665 910 voluisset,
688 847 747 890 eur
767 827 883 890 faceret
904 845 970 890 non
993 831 1068 890 erat.
1088 825 1140 889 Sic
1158 825 1296 908 legimus
1314 823 1367 887 sil.
1387 822 1475 886 VIII.

362 956 443 1018 374:
471 954 567 1035 „Pila
589 953 710 1035 volunt,
733 951 948 1036 brevibusque
959 950 1079 1016 habiles
1091 949 1299 1015 mucronibus
1312 947 1435 1030 enses’'‚
1446 953 1478 1012 et

362 1053 448 1162 apud
476 1077 604 1142 Livium
632 1077 741 1140 XXII.
764 1077 816 1139 46.
841 1078 870 1160 5,
894 1078 1040 1161 quamvis
1064 1077 1103 1140 de
1126 1076 1196 1139 aliis
1218 1073 1402 1138 hominibus
1424 1074 1477 1136 iis-

363 1204 434 1268 dem
470 1204 535 1267 fere
567 1203 690 1267 verbis:
729 1202 909 1285 „Hispana
939 1202 1084 1285 punctim
1114 1202 1216 1282 magis
1240 1219 1337 1282 quam
1361 1200 1476 1262 caesim

364 1330 496 1394 adsueto
518 1335 623 1412 petere
645 1328 777 1410 hostem,
800 1327 909 1412 (gladii
931 1329 1030 1407 erant)
1050 1325 1203 1390 brevitate
1221 1324 1342 1389 habiles
1362 1329 1478 1388 etcum

363 1454 601 1520 mucronibus.''

410 1581 463 1646 Sil.
486 1581 577 1644 VIII.
603 1580 664 1642 551
689 1579 728 1643 de
751 1578 913 1663 Scipione:

333 1682 337 1689 ’
497 1705 571 1788 Ipse
594 1706 678 1768 inter
700 1704 821 1768 medios
845 1708 997 1767 venturae
1018 1704 1160 1786 ingentia
1182 1702 1286 1766 laudis

498 1831 595 1914 Signa
618 1829 720 1912 dabat,
742 1829 866 1893 vibrare
890 1828 1002 1893 sudem
1016 1829 1049 1910 1),
1071 1829 1283 1892 transmittere
1306 1827 1390 1892 saltu

498 1957 637 2021 Murales
658 1955 769 2036 fossas,
790 1955 951 2019 undosum
974 1955 1118 2038 frangere
1140 1955 1246 2018 nando

498 2081 635 2145 Indutus
658 2081 785 2144 thorace
808 2080 942 2143 vadum:
968 2117 1009 2125 -
1034 2117 1075 2126 —

410 2206 497 2270 Haec
522 2205 671 2270 scribenti
695 2226 760 2269 non
785 2204 904 2286 dubito,
929 2206 1009 2287 quin
1030 2209 1141 2288 poetae
1164 2194 1331 2268 obversata
1353 2205 1417 2268 sint
1432 2202 1486 2266 Li-

369 2334 463 2395 viana
499 2331 594 2395 verba
623 2332 662 2396 de
692 2332 802 2396 eodem
833 2330 989 2414 Scipione,
1011 2330 1133 2394 XXVI.
1160 2331 1219 2393 51:
1247 2330 1346 2414 „Ipse
1367 2349 1485 2413 paucos
1590 2353 1594 2360 ·

373 2458 449 2539 dice,
480 2457 598 2540 quibus
622 2459 739 2520 morari
762 2456 949 2541 Carthagine
972 2462 1132 2538 statuerat,
1156 2429 1485 2523 exercendisnavali-
1546 2521 1554 2542 ,

369 2581 429 2646 bus
460 2582 726 2665 pedestribusque
756 2584 854 2665 copiis
878 2581 1061 2667 absumpsit.
1084 2583 1192 2647 Primo
1216 2585 1266 2648 dIe
1288 2583 1428 2668 legIones
1449 2585 1483 2646 in

371 2709 467 2771 armis
496 2706 544 2769 IV
568 2706 693 2770 mihum
717 2709 816 2791 spatio
845 2708 1060 2791 decurrerunt,
1084 2709 1223 2772 secundo
1247 2710 1298 2773 die
1320 2730 1408 2773 arma
1430 2729 1485 2773 eu-

371 2853 442 2897 rare
474 2837 505 2896 et
534 2838 656 2927 tergere
686 2839 759 2897 ante
781 2835 916 2898 tentoria
937 2835 1017 2898 iussi
1027 2859 1040 2913 ;·
1058 2837 1149 2898 tertio
1173 2835 1223 2898 die
1245 2835 1381 2899 rudibus
1402 2837 1486 2898 Inter

372 2978 406 3022 se
448 2960 481 3022 in
517 2960 647 3023 modum
681 2962 784 3025 iustae
818 2980 944 3044 pugnae
977 2966 1208 3025 concurrerunt
1241 2962 1486 3046 praepilatisque

372 3084 547 3149 missilibus
570 3086 697 3150 iaculati
719 3085 825 3150 sunt.'’

417 3210 648 3292 Heynacherus
661 3212 683 3292 ²)
718 3219 749 3275 et
782 3217 855 3274 aute
890 3231 963 3276 eum
993 3215 1056 3276 iarn
1086 3211 1284 3297 Wezelius³l
1314 3235 1371 3298 pro
1402 3207 1485 3279 certo

369 3341 550 3420 posuerunt
590 3337 672 3399 hanc
706 3338 920 3401 recensionem
955 3343 1079 3421 poetam
1114 3358 1155 3403 ex
1188 3339 1286 3402 Ennii
1319 3339 1485 3404 annalibus

370 3463 524 3544 hausisse,
556 3463 596 3525 ad
627 3462 711 3545 quod
743 3462 942 3546 probandum
963 3464 1129 3528 conferunt
1151 3437 1279 3530 versum
1303 3465 1486 3530 Ennianum

372 3589 454 3651 280:
482 3586 613 3668 „Marsa
637 3609 761 3670 manus,
782 3588 916 3673 Peligna
935 3590 1056 3672 cohors,
1068 3590 1201 3655 Vestina
1212 3593 1316 3656 virum
1329 3591 1400 3656 vis”
1413 3613 1487 3657 eum

371 3713 441 3778 Silii
463 3735 525 3778 vss.
551 3716 633 3778 495:
659 3753 700 3761 —
724 3715 768 3778 At
790 3715 928 3779 Marsica
949 3715 1049 3799 pubes
1072 3721 1128 3780 ete.

315 3893 319 3900 ⁴
374 3893 516 3904 ——

406 3999 433 4064 l)
453 4000 503 4050 Pro
527 4001 641 4050 sudem
659 4001 800 4065 Rupertius
817 4001 1024 4051 substituendam
1040 4005 1114 4064 putat
1131 4003 1252 4052 rudem.
1271 4002 1307 4054 Cf.
1325 4004 1378 4053 Liv.
1396 4003 1488 4057 XXVI.

374 4089 416 4141 51.
444 4090 586 4155 „Legiones
614 4092 689 4142 tertio
715 4092 755 4142 die
781 4092 889 4141 rudibus
911 4092 979 4142 inter
1001 4092 1073 4142 sein
1090 4093 1196 4142 modum
1214 4093 1297 4144 iustae
1314 4109 1414 4161 pugnae
1427 4110 1490 4146 con-

371 4181 533 4232 currerunt.”
640 4243 642 4248 Ι

405 4272 432 4336 2)
451 4273 538 4338 Progr.
555 4287 576 4323 c.
593 4271 609 4322 6
626 4272 669 4338 §l

319 4385 322 4392 ·
406 4359 433 4420 3)
452 4379 476 4428 p.
493 4361 533 4414 46.
