3360 5116
896 575 938 636 58

361 787 459 871 Apud
487 785 616 848 Livium
637 783 746 847 xxm
770 785 813 846 29
835 783 997 845 Minucius
1019 781 1193 864 alloquitur
1215 779 1331 842 milites
1353 797 1470 861 eosque

360 912 552 992 adhortatur,
574 916 611 974 nt
633 916 737 974 castra
759 929 835 972 cum
855 908 953 972 Fabio
974 910 1119 991 iungant,
1137 909 1271 989 eiusque
1289 905 1470 987 militespa·

361 1044 470 1101 nonos
499 1037 646 1117 salutent,
675 1041 844 1119 postquam
869 1037 938 1118 ipse
959 1033 1092 1097 Fabium
1116 1038 1238 1116 patrem
1259 1031 1469 1114 appellaverit

361 1163 462 1227 Paulo
484 1163 574 1226 aliter
596 1181 664 1225 rem
685 1166 793 1223 narrat
815 1159 913 1224 Silius
930 1159 1003 1222 Vll
1031 1161 1110 1222 732:

449 1289 532 1354 Ecce
553 1296 660 1353 autem
682 1307 700 1352 e
722 1288 827 1351 media
848 1289 913 1349 iam
934 1292 1036 1350 morte
1056 1291 1166 1348 renata
1187 1286 1339 1348 iuventus

451 1413 627 1477 Clamorem
648 1413 763 1476 tollens
785 1413 826 1476 ad
848 1413 960 1493 sidera,
981 1417 1013 1475 et
1034 1412 1145 1476 ordine
1166 1411 1260 1494 longo

448 1540 519 1604 Ibat
542 1559 651 1620 ovans,
673 1538 871 1622 Fabiumque
892 1539 999 1619 decus,
1021 1537 1220 1620 Fabiumque
1247 1539 1382 1602 salutem

452 1665 602 1730 Certatim
624 1670 656 1728 et
677 1685 793 1748 magua
814 1663 1033 1728 memorabant
1055 1683 1133 1728 voce
1154 1671 1325 1748 parentem

406 1793 541 1856 Minucii
574 1793 749 1854 orationem
777 1793 818 1854 ad
848 1791 981 1855 Fabium
1013 1810 1142 1874 quoque
1170 1797 1262 1874 poeta
1282 1793 1472 1874 immutavit,

364 1921 450 2003 quod
480 1925 587 1982 tamen
615 1919 650 1979 in
679 1923 770 2001 poeta
799 1937 865 1980 non
886 1918 1068 1980 mirandum
1091 1937 1129 1980 ac
1149 1921 1336 1999 neutiquam
1358 1937 1472 2000 expro-

362 2045 520 2108 brandum
542 2049 598 2108 est
622 2042 737 2106 Confer
758 2048 882 2106 tamen:

407 2168 461 2232 Sil
483 2168 556 2231 VH.
581 2170 663 2231 742:

451 2293 549 2358 Ocius
570 2296 634 2357 huc
656 2295 779 2376 aquilas
803 2299 990 2376 servataque
1011 2295 1103 2377 signa
1126 2293 1246 2358 referte.

364 2427 395 2485 et
416 2420 514 2485 verba
535 2419 684 2482 Limane:

454 2546 579 2630 „Signa
599 2547 677 2609 haec
698 2545 905 2629 legionesque
927 2544 1090 2609 restitu0.'’

407 2671 461 2736 Sil
482 2671 554 2734 Vll„
579 2671 659 2732 746:

449 2797 538 2862 Haec
560 2797 617 2861 ubi
639 2799 722 2860 dicta
744 2797 837 2873 dedit,
858 2797 945 2860 mille
968 2797 1042 2859 binc
1067 2795 1257 2876 (venerabile
1280 2798 1364 2878 visu)

451 2923 575 3008 Cespite
597 2924 637 2987 de
657 2924 752 2986 viridi
774 2927 910 3007 surgunt
930 2925 1151 3006 properantius
1172 2942 1252 2986 arae.

406 3050 446 3114 In
464 3052 569 3114 maius
588 3069 656 3114 rem
674 3051 766 3112 auxit
783 3053 882 3132 poeta
901 3047 1012 3111 livius
1031 3049 1117 3112 enim
1135 3047 1244 3110 XXII„
1258 3049 1307 3110 30.
1321 3047 1356 3109 6:
1374 3047 1471 3128 „Tum

364 3177 493 3241 dextrae
525 3177 735 3240 interiunctae
769 3175 951 3257 militesque
984 3175 1129 3238 contione
1159 3174 1290 3238 dimissa
1320 3173 1359 3237 ab
1388 3175 1472 3237 notis

362 3302 544 3385 ignotisque
566 3299 702 3383 benigne
726 3305 822 3382 atque
845 3299 1041 3382 hospitaliter
1062 3300 1195 3380 invitati,
1217 3299 1385 3381 laetusque
1407 3298 1473 3361 dies

364 3447 406 3491 en
428 3427 599 3490 admodum
621 3428 704 3490 tn'sti
726 3425 821 3508 paulo
844 3430 917 3489 ante
938 3444 975 3488 ac
997 3443 1094 3508 prope
1115 3423 1287 3488 execrabili
1308 3422 1439 3487 factus.”

405 3551 579 3634 Rupertius
597 3552 638 3615 ad
656 3551 743 3614 hunc
762 3550 866 3614 locum
880 3555 1024 3613 annotat:
1041 3547 1353 3630 „GtLiviusXXll
1367 3550 1416 3611 29.
1430 3549 1471 3611 30

363 3685 394 3743 et
415 3677 526 3759 Polyb.
548 3678 606 3740 ΠΙ.
630 3679 702 3759 105,
725 3684 762 3742 ut
783 3678 923 3740 indolem
946 3687 977 3740 et
999 3674 1145 3746 δεινάτηνα
1167 3677 1306 3759 poeticae
1328 3676 1375 3738 rei
1394 3680 1473 3738 trac-

364 3805 493 3868 tationis
515 3803 716 3886 perspicias.'’

407 3929 636 4010 Heynaoherus
649 3928 757 3993 scribit
765 3929 807 4013 ll:
825 3925 938 4009 „Diese
948 3925 1119 3989 Nachricht
1129 3926 1183 3988 hat
1193 3924 1304 3989 Livius
1316 3944 1375 3988 aus
1387 3926 1473 3988 einer

363 4055 542 4119 admischen
566 4054 686 4139 Quelle,
709 4054 848 4120 offenbar
869 4055 957 4119 einer
976 4055 1048 4118 dem
1066 4052 1182 4117 Fabius
1195 4051 1471 4117 nahestehenden''

397 4327 424 4392 1)
442 4327 529 4393 progr.
545 4343 565 4380 c.
583 4326 625 4392 5]
645 4326 685 4376 aa.
