<?xml version="1.0" encoding="UTF-8"?>
<!DOCTYPE html PUBLIC "-//W3C//DTD XHTML 1.0 Transitional//EN"
    "http://www.w3.org/TR/xhtml1/DTD/xhtml1-transitional.dtd">
<html xmlns="http://www.w3.org/1999/xhtml" xml:lang="en" lang="en">
 <head>
  <title>
</title>
<meta http-equiv="Content-Type" content="text/html;charset=utf-8" />
  <meta name='ocr-system' content='tesseract 3.04.00' />
  <meta name='ocr-capabilities' content='ocr_page ocr_carea ocr_par ocr_line ocrx_word'/>
</head>
<body>
  <div class='ocr_page' id='page_1' title='image "./quaestionessili00veengoog_0024.png"; bbox 0 0 3364 5118; ppageno 0'>
   <div class='ocr_carea' id='block_1_1' title="bbox 753 602 791 664">
    <p class='ocr_par' dir='ltr' id='par_1_1' title="bbox 753 602 791 664">
     <span class='ocr_line' id='line_1_1' title="bbox 753 602 791 664; baseline 0.053 -2"><span class='ocrx_word' id='word_1_1' title='bbox 753 602 791 664; x_wconf 88' lang='lat' dir='ltr'>ll</span> 
     </span>
    </p>
   </div>
   <div class='ocr_carea' id='block_1_2' title="bbox 216 811 1331 2280">
    <p class='ocr_par' dir='ltr' id='par_1_2' title="bbox 216 811 1329 1654">
     <span class='ocr_line' id='line_1_2' title="bbox 219 811 1327 900; baseline -0.006 -19"><span class='ocrx_word' id='word_1_2' title='bbox 219 817 331 882; x_wconf 90' lang='lat' dir='ltr'>consul</span> <span class='ocrx_word' id='word_1_3' title='bbox 362 815 541 900; x_wconf 81' lang='lat' dir='ltr'>Campanus</span> <span class='ocrx_word' id='word_1_4' title='bbox 571 819 737 895; x_wconf 81' lang='lat' dir='ltr'>crearetur,</span> <span class='ocrx_word' id='word_1_5' title='bbox 768 833 864 897; x_wconf 87' lang='lat' dir='ltr'>quam</span> <span class='ocrx_word' id='word_1_6' title='bbox 891 831 958 876; x_wconf 88' lang='lat' dir='ltr'>rem</span> <span class='ocrx_word' id='word_1_7' title='bbox 981 811 1101 892; x_wconf 83' lang='lat' dir='ltr'>Livius,</span> <span class='ocrx_word' id='word_1_8' title='bbox 1124 812 1270 894; x_wconf 87' lang='lat' dir='ltr'>quamvis</span> <span class='ocrx_word' id='word_1_9' title='bbox 1293 812 1327 874; x_wconf 92' lang='lat' dir='ltr'>in</span> 
     </span>
     <span class='ocr_line' id='line_1_3' title="bbox 218 939 1327 1033; baseline -0.005 -28"><span class='ocrx_word' id='word_1_10' title='bbox 218 942 381 1033; x_wconf 83' lang='lat' dir='ltr'>nonnullis</span> <span class='ocrx_word' id='word_1_11' title='bbox 415 940 584 1005; x_wconf 77' lang='lat' dir='ltr'><strong>annalibus</strong></span> <span class='ocrx_word' id='word_1_12' title='bbox 617 941 774 1023; x_wconf 78' lang='lat' dir='ltr'>scriptam,</span> <span class='ocrx_word' id='word_1_13' title='bbox 804 957 873 1003; x_wconf 87' lang='lat' dir='ltr'>sese</span> <span class='ocrx_word' id='word_1_14' title='bbox 902 939 1038 1002; x_wconf 84' lang='lat' dir='ltr'>veritum</span> <span class='ocrx_word' id='word_1_15' title='bbox 1069 955 1138 1001; x_wconf 89' lang='lat' dir='ltr'>esse</span> <span class='ocrx_word' id='word_1_16' title='bbox 1162 955 1221 1020; x_wconf 92' lang='lat' dir='ltr'>pro</span> <span class='ocrx_word' id='word_1_17' title='bbox 1244 941 1327 1000; x_wconf 90' lang='lat' dir='ltr'>certo</span> 
     </span>
     <span class='ocr_line' id='line_1_4' title="bbox 216 1061 1327 1150; baseline -0.005 -20"><span class='ocrx_word' id='word_1_18' title='bbox 216 1085 333 1150; x_wconf 91' lang='lat' dir='ltr'>ponere</span> <span class='ocrx_word' id='word_1_19' title='bbox 364 1066 439 1130; x_wconf 88' lang='lat' dir='ltr'>dicit</span> <span class='ocrx_word' id='word_1_20' title='bbox 453 1063 485 1149; x_wconf 89' lang='lat'>¹).</span> <span class='ocrx_word' id='word_1_21' title='bbox 516 1066 619 1130; x_wconf 90' lang='lat' dir='ltr'>Immo</span> <span class='ocrx_word' id='word_1_22' title='bbox 653 1083 728 1128; x_wconf 81' lang='lat' dir='ltr'>vero</span> <span class='ocrx_word' id='word_1_23' title='bbox 758 1065 832 1128; x_wconf 90' lang='lat' dir='ltr'>hino</span> <span class='ocrx_word' id='word_1_24' title='bbox 858 1065 1027 1148; x_wconf 82' lang='lat' dir='ltr'>praecipue</span> <span class='ocrx_word' id='word_1_25' title='bbox 1049 1067 1176 1146; x_wconf 89' lang='lat' dir='ltr'>apparet</span> <span class='ocrx_word' id='word_1_26' title='bbox 1198 1082 1216 1125; x_wconf 93' lang='lat' dir='ltr'>a</span> <span class='ocrx_word' id='word_1_27' title='bbox 1237 1061 1327 1125; x_wconf 83' lang='lat' dir='ltr'>Livio</span> 
     </span>
     <span class='ocr_line' id='line_1_5' title="bbox 217 1187 1328 1276; baseline -0.005 -19"><span class='ocrx_word' id='word_1_28' title='bbox 217 1212 291 1257; x_wconf 90' lang='lat' dir='ltr'>eum</span> <span class='ocrx_word' id='word_1_29' title='bbox 313 1192 457 1276; x_wconf 89' lang='lat' dir='ltr'>pendere.</span> <span class='ocrx_word' id='word_1_30' title='bbox 480 1190 600 1268; x_wconf 76' lang='lat' dir='ltr'>Quodsi</span> <span class='ocrx_word' id='word_1_31' title='bbox 622 1189 732 1254; x_wconf 84' lang='lat' dir='ltr'>Livius</span> <span class='ocrx_word' id='word_1_32' title='bbox 755 1191 837 1254; x_wconf 87' lang='lat' dir='ltr'>hanc</span> <span class='ocrx_word' id='word_1_33' title='bbox 860 1209 927 1253; x_wconf 89' lang='lat' dir='ltr'>rem</span> <span class='ocrx_word' id='word_1_34' title='bbox 945 1208 1010 1252; x_wconf 91' lang='lat' dir='ltr'>non</span> <span class='ocrx_word' id='word_1_35' title='bbox 1029 1189 1230 1270; x_wconf 82' lang='lat' dir='ltr'>narravisset,</span> <span class='ocrx_word' id='word_1_36' title='bbox 1247 1187 1328 1252; x_wconf 89' lang='lat' dir='ltr'>bene</span> 
     </span>
     <span class='ocr_line' id='line_1_6' title="bbox 218 1313 1329 1399; baseline -0.005 -17"><span class='ocrx_word' id='word_1_37' title='bbox 218 1337 252 1382; x_wconf 93' lang='lat' dir='ltr'>se</span> <span class='ocrx_word' id='word_1_38' title='bbox 282 1317 411 1383; x_wconf 89' lang='lat' dir='ltr'>haberet</span> <span class='ocrx_word' id='word_1_39' title='bbox 433 1319 494 1380; x_wconf 88' lang='lat' dir='ltr'>viri</span> <span class='ocrx_word' id='word_1_40' title='bbox 517 1318 600 1381; x_wconf 91' lang='lat' dir='ltr'>docti</span> <span class='ocrx_word' id='word_1_41' title='bbox 624 1318 786 1382; x_wconf 88' lang='lat' dir='ltr'>sententia.</span> <span class='ocrx_word' id='word_1_42' title='bbox 810 1317 854 1379; x_wconf 89' lang='lat' dir='ltr'>At</span> <span class='ocrx_word' id='word_1_43' title='bbox 877 1316 997 1399; x_wconf 91' lang='lat' dir='ltr'>ubique</span> <span class='ocrx_word' id='word_1_44' title='bbox 1021 1315 1176 1396; x_wconf 86' lang='lat' dir='ltr'>videmus,</span> <span class='ocrx_word' id='word_1_45' title='bbox 1200 1314 1256 1377; x_wconf 90' lang='lat' dir='ltr'>ubi</span> <span class='ocrx_word' id='word_1_46' title='bbox 1277 1313 1329 1377; x_wconf 88' lang='lat' dir='ltr'>Li-</span> 
     </span>
     <span class='ocr_line' id='line_1_7' title="bbox 217 1438 1327 1526; baseline -0.003 -21"><span class='ocrx_word' id='word_1_47' title='bbox 217 1446 295 1508; x_wconf 87' lang='lat' dir='ltr'>vius&#39;</span> <span class='ocrx_word' id='word_1_48' title='bbox 324 1445 398 1508; x_wconf 91' lang='lat' dir='ltr'>citet</span> <span class='ocrx_word' id='word_1_49' title='bbox 431 1443 511 1506; x_wconf 92' lang='lat' dir='ltr'>duas</span> <span class='ocrx_word' id='word_1_50' title='bbox 540 1442 689 1526; x_wconf 88' lang='lat' dir='ltr'>pluresve</span> <span class='ocrx_word' id='word_1_51' title='bbox 719 1442 891 1506; x_wconf 89' lang='lat' dir='ltr'>sententias</span> <span class='ocrx_word' id='word_1_52' title='bbox 924 1441 1074 1521; x_wconf 82' lang='lat' dir='ltr'>diversae,</span> <span class='ocrx_word' id='word_1_53' title='bbox 1105 1438 1219 1503; x_wconf 86' lang='lat' dir='ltr'>Silium</span> <span class='ocrx_word' id='word_1_54' title='bbox 1249 1458 1327 1521; x_wconf 89' lang='lat' dir='ltr'>eam,</span> 
     </span>
     <span class='ocr_line' id='line_1_8' title="bbox 218 1565 1222 1654; baseline -0.006 -20"><span class='ocrx_word' id='word_1_55' title='bbox 218 1590 310 1654; x_wconf 90' lang='lat' dir='ltr'>quam</span> <span class='ocrx_word' id='word_1_56' title='bbox 336 1571 475 1653; x_wconf 71' lang='lat' dir='ltr'>poeticae</span> <span class='ocrx_word' id='word_1_57' title='bbox 498 1569 676 1632; x_wconf 89' lang='lat' dir='ltr'>tractationi</span> <span class='ocrx_word' id='word_1_58' title='bbox 697 1569 848 1651; x_wconf 89' lang='lat' dir='ltr'>aptiorem</span> <span class='ocrx_word' id='word_1_59' title='bbox 873 1570 1022 1648; x_wconf 83' lang='lat' dir='ltr'>censeret,</span> <span class='ocrx_word' id='word_1_60' title='bbox 1045 1566 1178 1650; x_wconf 83' lang='lat' dir='ltr'>elegisse</span> <span class='ocrx_word' id='word_1_61' title='bbox 1191 1565 1222 1646; x_wconf 67' lang='grc'>2).</span> 
     </span>
    </p>

    <p class='ocr_par' dir='ltr' id='par_1_3' title="bbox 218 1690 1331 2280">
     <span class='ocr_line' id='line_1_9' title="bbox 261 1690 1328 1778; baseline -0.004 -20"><span class='ocrx_word' id='word_1_62' title='bbox 261 1694 305 1758; x_wconf 91' lang='lat' dir='ltr'>Ut</span> <span class='ocrx_word' id='word_1_63' title='bbox 336 1714 431 1778; x_wconf 87' lang='lat' dir='ltr'>supra</span> <span class='ocrx_word' id='word_1_64' title='bbox 461 1695 536 1777; x_wconf 84' lang='lat' dir='ltr'>dixi,</span> <span class='ocrx_word' id='word_1_65' title='bbox 559 1713 653 1758; x_wconf 91' lang='lat' dir='ltr'>nemo</span> <span class='ocrx_word' id='word_1_66' title='bbox 677 1692 849 1774; x_wconf 86' lang='lat' dir='ltr'>dubitabat,</span> <span class='ocrx_word' id='word_1_67' title='bbox 872 1693 950 1776; x_wconf 93' lang='lat' dir='ltr'>quin</span> <span class='ocrx_word' id='word_1_68' title='bbox 973 1690 1084 1755; x_wconf 81' lang='lat' dir='ltr'>Livius</span> <span class='ocrx_word' id='word_1_69' title='bbox 1106 1695 1229 1774; x_wconf 88' lang='lat' dir='ltr'>praeter</span> <span class='ocrx_word' id='word_1_70' title='bbox 1250 1690 1328 1754; x_wconf 90' lang='lat' dir='ltr'>alios</span> 
     </span>
     <span class='ocr_line' id='line_1_10' title="bbox 220 1815 1330 1902; baseline -0.005 -18"><span class='ocrx_word' id='word_1_71' title='bbox 220 1824 365 1884; x_wconf 89' lang='lat' dir='ltr'>auctores</span> <span class='ocrx_word' id='word_1_72' title='bbox 401 1824 483 1884; x_wconf 89' lang='lat' dir='ltr'>esset</span> <span class='ocrx_word' id='word_1_73' title='bbox 516 1821 662 1902; x_wconf 87' lang='lat' dir='ltr'>princeps</span> <span class='ocrx_word' id='word_1_74' title='bbox 694 1818 762 1882; x_wconf 85' lang='lat' dir='ltr'>Silii</span> <span class='ocrx_word' id='word_1_75' title='bbox 792 1818 881 1898; x_wconf 78' lang='lat' dir='ltr'>fons3</span> <span class='ocrx_word' id='word_1_76' title='bbox 909 1835 1013 1900; x_wconf 91' lang='lat' dir='ltr'>neque</span> <span class='ocrx_word' id='word_1_77' title='bbox 1044 1834 1153 1880; x_wconf 90' lang='lat' dir='ltr'>omnes</span> <span class='ocrx_word' id='word_1_78' title='bbox 1177 1815 1330 1898; x_wconf 82' lang='lat' dir='ltr'>Editores,</span> 
     </span>
     <span class='ocr_line' id='line_1_11' title="bbox 218 1938 1330 2029; baseline -0.004 -20"><span class='ocrx_word' id='word_1_79' title='bbox 218 1951 254 2010; x_wconf 91' lang='lat' dir='ltr'>ut</span> <span class='ocrx_word' id='word_1_80' title='bbox 287 1945 421 2027; x_wconf 79' lang='lat' dir='ltr'>Ernesti,</span> <span class='ocrx_word' id='word_1_81' title='bbox 454 1944 587 2029; x_wconf 85' lang='lat' dir='ltr'>Ruperti</span> <span class='ocrx_word' id='word_1_82' title='bbox 620 1950 651 2009; x_wconf 90' lang='lat' dir='ltr'>et</span> <span class='ocrx_word' id='word_1_83' title='bbox 681 1944 734 2008; x_wconf 91' lang='lat' dir='ltr'>ab&#39;i</span> <span class='ocrx_word' id='word_1_84' title='bbox 765 1963 831 2007; x_wconf 91' lang='lat' dir='ltr'>non</span> <span class='ocrx_word' id='word_1_85' title='bbox 860 1938 981 2027; x_wconf 88' lang='lat' dir='ltr'>ubique</span> <span class='ocrx_word' id='word_1_86' title='bbox 1008 1962 1135 2006; x_wconf 91' lang='lat' dir='ltr'>summa</span> <span class='ocrx_word' id='word_1_87' title='bbox 1157 1961 1230 2005; x_wconf 91' lang='lat' dir='ltr'>oum</span> <span class='ocrx_word' id='word_1_88' title='bbox 1254 1961 1330 2005; x_wconf 89' lang='lat' dir='ltr'>cura</span> 
     </span>
     <span class='ocr_line' id='line_1_12' title="bbox 218 2067 1330 2155; baseline -0.004 -20"><span class='ocrx_word' id='word_1_89' title='bbox 218 2073 430 2155; x_wconf 86' lang='lat' dir='ltr'>ascripserunt</span> <span class='ocrx_word' id='word_1_90' title='bbox 452 2071 538 2135; x_wconf 92' lang='lat' dir='ltr'>locos</span> <span class='ocrx_word' id='word_1_91' title='bbox 560 2069 718 2153; x_wconf 76' lang='lat' dir='ltr'>LiviancS,</span> <span class='ocrx_word' id='word_1_92' title='bbox 742 2069 876 2153; x_wconf 85' lang='lat' dir='ltr'>singulis</span> <span class='ocrx_word' id='word_1_93' title='bbox 896 2068 966 2133; x_wconf 81' lang='lat' dir='ltr'>Silii</span> <span class='ocrx_word' id='word_1_94' title='bbox 977 2067 1122 2132; x_wconf 83' lang='lat' dir='ltr'>versibus</span> <span class='ocrx_word' id='word_1_95' title='bbox 1138 2067 1330 2150; x_wconf 88' lang='lat' dir='ltr'>responden·</span> 
     </span>
     <span class='ocr_line' id='line_1_13' title="bbox 218 2194 1331 2280; baseline -0.004 -20"><span class='ocrx_word' id='word_1_96' title='bbox 218 2203 273 2261; x_wconf 87' lang='lat' dir='ltr'>tes.</span> <span class='ocrx_word' id='word_1_97' title='bbox 304 2198 352 2260; x_wconf 89' lang='lat' dir='ltr'>Ac</span> <span class='ocrx_word' id='word_1_98' title='bbox 383 2216 458 2261; x_wconf 92' lang='lat' dir='ltr'>sane</span> <span class='ocrx_word' id='word_1_99' title='bbox 489 2196 610 2280; x_wconf 89' lang='lat' dir='ltr'>ubique</span> <span class='ocrx_word' id='word_1_100' title='bbox 632 2200 697 2259; x_wconf 91' lang='lat' dir='ltr'>tam</span> <span class='ocrx_word' id='word_1_101' title='bbox 718 2194 885 2258; x_wconf 80' lang='lat' dir='ltr'>manifesta</span> <span class='ocrx_word' id='word_1_102' title='bbox 906 2195 1039 2278; x_wconf 82' lang='lat' dir='ltr'>vestigia</span> <span class='ocrx_word' id='word_1_103' title='bbox 1062 2212 1226 2278; x_wconf 65' lang='lat' dir='ltr'>connexus</span> <span class='ocrx_word' id='word_1_104' title='bbox 1248 2195 1331 2256; x_wconf 91' lang='lat' dir='ltr'>inter</span> 
     </span>
    </p>
   </div>
   <div class='ocr_carea' id='block_1_3' title="bbox 218 2313 1330 2412">
    <p class='ocr_par' dir='ltr' id='par_1_4' title="bbox 218 2313 1330 2412">
     <span class='ocr_line' id='line_1_14' title="bbox 218 2313 1330 2412; baseline -0.004 -26"><span class='ocrx_word' id='word_1_105' title='bbox 218 2313 392 2406; x_wconf 84' lang='lat' dir='ltr'>utrumque</span> <span class='ocrx_word' id='word_1_106' title='bbox 421 2321 709 2406; x_wconf 90' lang='lat' dir='ltr'>deprehenduntur,</span> <span class='ocrx_word' id='word_1_107' title='bbox 740 2325 785 2412; x_wconf 74' lang='lat' dir='ltr'>ut¹</span> <span class='ocrx_word' id='word_1_108' title='bbox 806 2318 990 2384; x_wconf 88' lang='lat' dir='ltr'>incredibile</span> <span class='ocrx_word' id='word_1_109' title='bbox 1020 2319 1164 2383; x_wconf 88' lang='lat' dir='ltr'>videatur</span> <span class='ocrx_word' id='word_1_110' title='bbox 1187 2338 1330 2400; x_wconf 90' lang='lat' dir='ltr'>unquam</span> 
     </span>
    </p>
   </div>
   <div class='ocr_carea' id='block_1_4' title="bbox 218 2441 1397 4038">
    <p class='ocr_par' dir='ltr' id='par_1_5' title="bbox 218 2441 1397 4038">
     <span class='ocr_line' id='line_1_15' title="bbox 219 2441 1329 2533; baseline -0.006 -20"><span class='ocrx_word' id='word_1_111' title='bbox 219 2468 412 2533; x_wconf 87' lang='lat' dir='ltr'>quemquam</span> <span class='ocrx_word' id='word_1_112' title='bbox 435 2449 573 2512; x_wconf 87' lang='lat' dir='ltr'>inveniri</span> <span class='ocrx_word' id='word_1_113' title='bbox 594 2449 743 2531; x_wconf 89' lang='lat' dir='ltr'>potuisse,</span> <span class='ocrx_word' id='word_1_114' title='bbox 767 2448 823 2530; x_wconf 91' lang='lat' dir='ltr'>qui</span> <span class='ocrx_word' id='word_1_115' title='bbox 845 2465 962 2530; x_wconf 86' lang='lat' dir='ltr'>negare</span> <span class='ocrx_word' id='word_1_116' title='bbox 985 2445 1114 2509; x_wconf 89' lang='lat' dir='ltr'>auderet</span> <span class='ocrx_word' id='word_1_117' title='bbox 1137 2444 1270 2508; x_wconf 90' lang='lat' dir='ltr'>alterum</span> <span class='ocrx_word' id='word_1_118' title='bbox 1291 2441 1329 2507; x_wconf 91' lang='lat' dir='ltr'>ab</span> 
     </span>
     <span class='ocr_line' id='line_1_16' title="bbox 218 2569 1330 2657; baseline -0.004 -19"><span class='ocrx_word' id='word_1_119' title='bbox 218 2575 314 2639; x_wconf 89' lang='lat' dir='ltr'>altero</span> <span class='ocrx_word' id='word_1_120' title='bbox 345 2574 489 2657; x_wconf 90' lang='lat' dir='ltr'>pendere.</span> <span class='ocrx_word' id='word_1_121' title='bbox 523 2574 630 2657; x_wconf 85' lang='lat' dir='ltr'>Atque</span> <span class='ocrx_word' id='word_1_122' title='bbox 665 2577 771 2637; x_wconf 90' lang='lat' dir='ltr'>tamen</span> <span class='ocrx_word' id='word_1_123' title='bbox 801 2573 830 2636; x_wconf 91' lang='lat' dir='ltr'>is</span> <span class='ocrx_word' id='word_1_124' title='bbox 860 2572 954 2635; x_wconf 93' lang='lat' dir='ltr'>homo</span> <span class='ocrx_word' id='word_1_125' title='bbox 984 2573 1134 2635; x_wconf 83' lang='lat' dir='ltr'>inventus</span> <span class='ocrx_word' id='word_1_126' title='bbox 1157 2575 1212 2633; x_wconf 88' lang='lat' dir='ltr'>est.</span> <span class='ocrx_word' id='word_1_127' title='bbox 1235 2569 1330 2633; x_wconf 87' lang='lat' dir='ltr'>Anno</span> 
     </span>
     <span class='ocr_line' id='line_1_17' title="bbox 221 2697 1331 2779; baseline -0.003 -17"><span class='ocrx_word' id='word_1_128' title='bbox 221 2700 305 2763; x_wconf 83' lang='grc'>1874</span> <span class='ocrx_word' id='word_1_129' title='bbox 328 2699 469 2764; x_wconf 86' lang='lat' dir='ltr'>llieldiae</span> <span class='ocrx_word' id='word_1_130' title='bbox 489 2701 524 2762; x_wconf 94' lang='lat' dir='ltr'>in</span> <span class='ocrx_word' id='word_1_131' title='bbox 545 2699 649 2763; x_wconf 87' lang='lat' dir='ltr'>lucem</span> <span class='ocrx_word' id='word_1_132' title='bbox 673 2698 770 2762; x_wconf 90' lang='lat' dir='ltr'>edidit</span> <span class='ocrx_word' id='word_1_133' title='bbox 789 2697 873 2762; x_wconf 83' lang='lat' dir='ltr'>Man.</span> <span class='ocrx_word' id='word_1_134' title='bbox 893 2697 1122 2779; x_wconf 87' lang='lat' dir='ltr'>Heynaoherus</span> <span class='ocrx_word' id='word_1_135' title='bbox 1140 2697 1331 2763; x_wconf 90' lang='lat' dir='ltr'>dissertatio-</span> 
     </span>
     <span class='ocr_line' id='line_1_18' title="bbox 219 2822 1330 2906; baseline 0 -19"><span class='ocrx_word' id='word_1_136' title='bbox 219 2843 292 2888; x_wconf 90' lang='lat' dir='ltr'>nem</span> <span class='ocrx_word' id='word_1_137' title='bbox 316 2824 535 2906; x_wconf 88' lang='lat' dir='ltr'>academicam,</span> <span class='ocrx_word' id='word_1_138' title='bbox 559 2825 612 2887; x_wconf 93' lang='lat' dir='ltr'>cui</span> <span class='ocrx_word' id='word_1_139' title='bbox 633 2824 766 2888; x_wconf 81' lang='lat' dir='ltr'>tiurlus:</span> <span class='ocrx_word' id='word_1_140' title='bbox 792 2823 924 2904; x_wconf 84' lang='lat' dir='ltr'>,Ueber</span> <span class='ocrx_word' id='word_1_141' title='bbox 943 2823 993 2887; x_wconf 88' lang='lat' dir='ltr'>die</span> <span class='ocrx_word' id='word_1_142' title='bbox 1014 2822 1146 2897; x_wconf 79' lang='lat' dir='ltr'>Quelleu</span> <span class='ocrx_word' id='word_1_143' title='bbox 1166 2822 1220 2887; x_wconf 89' lang='lat' dir='ltr'>des</span> <span class='ocrx_word' id='word_1_144' title='bbox 1233 2822 1330 2887; x_wconf 82' lang='lat' dir='ltr'>Silius</span> 
     </span>
     <span class='ocr_line' id='line_1_19' title="bbox 218 2947 1332 3032; baseline 0.002 -22"><span class='ocrx_word' id='word_1_145' title='bbox 218 2947 358 3031; x_wconf 88' lang='lat' dir='ltr'>Italicus,</span> <span class='ocrx_word' id='word_1_146' title='bbox 389 2955 487 3013; x_wconf 89' lang='lat' dir='ltr'>erster</span> <span class='ocrx_word' id='word_1_147' title='bbox 516 2948 634 3031; x_wconf 84' lang='lat' dir='ltr'>Theil”,</span> <span class='ocrx_word' id='word_1_148' title='bbox 657 2953 688 3013; x_wconf 91' lang='lat' dir='ltr'>et</span> <span class='ocrx_word' id='word_1_149' title='bbox 710 2947 812 3012; x_wconf 89' lang='lat' dir='ltr'>tribus</span> <span class='ocrx_word' id='word_1_150' title='bbox 836 2950 928 3012; x_wconf 91' lang='lat' dir='ltr'>annis</span> <span class='ocrx_word' id='word_1_151' title='bbox 950 2952 1022 3032; x_wconf 90' lang='lat' dir='ltr'>post</span> <span class='ocrx_word' id='word_1_152' title='bbox 1043 2949 1078 3010; x_wconf 90' lang='lat' dir='ltr'>in</span> <span class='ocrx_word' id='word_1_153' title='bbox 1100 2953 1332 3031; x_wconf 86' lang='lat' dir='ltr'>programmate</span> 
     </span>
     <span class='ocr_line' id='line_1_20' title="bbox 219 3073 1331 3157; baseline -0.003 -19"><span class='ocrx_word' id='word_1_154' title='bbox 219 3073 349 3139; x_wconf 82' lang='lat' dir='ltr'>Scholae</span> <span class='ocrx_word' id='word_1_155' title='bbox 379 3074 610 3140; x_wconf 88' lang='lat' dir='ltr'>Monasterialis</span> <span class='ocrx_word' id='word_1_156' title='bbox 641 3074 819 3139; x_wconf 88' lang='lat' dir='ltr'>Ilfeldensis</span> <span class='ocrx_word' id='word_1_157' title='bbox 851 3074 1156 3155; x_wconf 89' lang='lat' dir='ltr'>commentationem,</span> <span class='ocrx_word' id='word_1_158' title='bbox 1180 3091 1261 3157; x_wconf 90' lang='lat' dir='ltr'>quae</span> <span class='ocrx_word' id='word_1_159' title='bbox 1283 3074 1331 3135; x_wconf 87' lang='lat' dir='ltr'>in-</span> 
     </span>
     <span class='ocr_line' id='line_1_21' title="bbox 221 3195 1331 3284; baseline -0.003 -20"><span class='ocrx_word' id='word_1_160' title='bbox 221 3199 386 3264; x_wconf 86' lang='lat' dir='ltr'>scribitur:</span> <span class='ocrx_word' id='word_1_161' title='bbox 416 3199 502 3282; x_wconf 81' lang='lat' dir='ltr'>,Die</span> <span class='ocrx_word' id='word_1_162' title='bbox 526 3199 671 3284; x_wconf 81' lang='lat' dir='ltr'>Stellung</span> <span class='ocrx_word' id='word_1_163' title='bbox 691 3199 745 3263; x_wconf 92' lang='lat' dir='ltr'>des</span> <span class='ocrx_word' id='word_1_164' title='bbox 765 3199 863 3263; x_wconf 85' lang='lat' dir='ltr'>Silius</span> <span class='ocrx_word' id='word_1_165' title='bbox 875 3199 1005 3262; x_wconf 92' lang='lat' dir='ltr'>Italicus</span> <span class='ocrx_word' id='word_1_166' title='bbox 1018 3203 1112 3261; x_wconf 91' lang='lat' dir='ltr'>unter</span> <span class='ocrx_word' id='word_1_167' title='bbox 1124 3198 1185 3262; x_wconf 91' lang='lat' dir='ltr'>den</span> <span class='ocrx_word' id='word_1_168' title='bbox 1198 3195 1331 3273; x_wconf 77' lang='lat' dir='ltr'>Quellen</span> 
     </span>
     <span class='ocr_line' id='line_1_22' title="bbox 219 3324 1330 3408; baseline -0.002 -21"><span class='ocrx_word' id='word_1_169' title='bbox 219 3325 273 3388; x_wconf 92' lang='lat' dir='ltr'>des</span> <span class='ocrx_word' id='word_1_170' title='bbox 295 3327 427 3389; x_wconf 85' lang='lat' dir='ltr'>zweiten</span> <span class='ocrx_word' id='word_1_171' title='bbox 450 3325 633 3389; x_wconf 88' lang='lat' dir='ltr'>Punischen</span> <span class='ocrx_word' id='word_1_172' title='bbox 655 3324 818 3408; x_wconf 85' lang='lat' dir='ltr'>Krieges’&#39;,</span> <span class='ocrx_word' id='word_1_173' title='bbox 837 3326 872 3388; x_wconf 89' lang='lat' dir='ltr'>in</span> <span class='ocrx_word' id='word_1_174' title='bbox 892 3345 955 3408; x_wconf 88' lang='lat' dir='ltr'>qua</span> <span class='ocrx_word' id='word_1_175' title='bbox 974 3325 1226 3388; x_wconf 88' lang='lat' dir='ltr'>dissertationem</span> <span class='ocrx_word' id='word_1_176' title='bbox 1239 3324 1330 3386; x_wconf 89' lang='lat' dir='ltr'>inau-</span> 
     </span>
     <span class='ocr_line' id='line_1_23' title="bbox 219 3450 1330 3534; baseline -0.001 -21"><span class='ocrx_word' id='word_1_177' title='bbox 219 3450 361 3533; x_wconf 83' lang='lat' dir='ltr'>guralem</span> <span class='ocrx_word' id='word_1_178' title='bbox 394 3452 510 3514; x_wconf 86' lang='lat' dir='ltr'>iterum</span> <span class='ocrx_word' id='word_1_179' title='bbox 544 3451 628 3534; x_wconf 87' lang='lat' dir='ltr'>typis</span> <span class='ocrx_word' id='word_1_180' title='bbox 662 3450 825 3513; x_wconf 91' lang='lat' dir='ltr'>mandavit</span> <span class='ocrx_word' id='word_1_181' title='bbox 854 3455 884 3513; x_wconf 91' lang='lat' dir='ltr'>et</span> <span class='ocrx_word' id='word_1_182' title='bbox 913 3451 1023 3533; x_wconf 91' lang='lat' dir='ltr'>paucis</span> <span class='ocrx_word' id='word_1_183' title='bbox 1054 3454 1176 3514; x_wconf 89' lang='lat' dir='ltr'>tautum</span> <span class='ocrx_word' id='word_1_184' title='bbox 1201 3450 1330 3512; x_wconf 90' lang='lat' dir='ltr'>mutatis</span> 
     </span>
     <span class='ocr_line' id='line_1_24' title="bbox 220 3575 1332 3660; baseline 0.001 -22"><span class='ocrx_word' id='word_1_185' title='bbox 220 3577 432 3657; x_wconf 81' lang='lat' dir='ltr'>continuavit3</span> <span class='ocrx_word' id='word_1_186' title='bbox 466 3575 583 3660; x_wconf 91' lang='lat' dir='ltr'>quibus</span> <span class='ocrx_word' id='word_1_187' title='bbox 612 3575 727 3640; x_wconf 89' lang='lat' dir='ltr'>libellis</span> <span class='ocrx_word' id='word_1_188' title='bbox 754 3576 968 3640; x_wconf 88' lang='lat' dir='ltr'>demonstrare</span> <span class='ocrx_word' id='word_1_189' title='bbox 991 3577 1153 3642; x_wconf 88' lang='lat' dir='ltr'>contendit</span> <span class='ocrx_word' id='word_1_190' title='bbox 1176 3576 1291 3640; x_wconf 86' lang='lat' dir='ltr'>Silium</span> <span class='ocrx_word' id='word_1_191' title='bbox 1314 3596 1332 3639; x_wconf 93' lang='lat' dir='ltr'>a</span> 
     </span>
     <span class='ocr_line' id='line_1_25' title="bbox 219 3700 1332 3786; baseline 0.001 -22"><span class='ocrx_word' id='word_1_192' title='bbox 219 3700 309 3764; x_wconf 90' lang='lat' dir='ltr'>Livio</span> <span class='ocrx_word' id='word_1_193' title='bbox 343 3705 471 3767; x_wconf 90' lang='lat' dir='ltr'>omnino</span> <span class='ocrx_word' id='word_1_194' title='bbox 497 3722 562 3766; x_wconf 93' lang='lat' dir='ltr'>non</span> <span class='ocrx_word' id='word_1_195' title='bbox 593 3702 739 3786; x_wconf 90' lang='lat' dir='ltr'>pendere,</span> <span class='ocrx_word' id='word_1_196' title='bbox 771 3703 807 3766; x_wconf 87' lang='lat' dir='ltr'>et</span> <span class='ocrx_word' id='word_1_197' title='bbox 830 3703 865 3765; x_wconf 91' lang='lat' dir='ltr'>in</span> <span class='ocrx_word' id='word_1_198' title='bbox 895 3702 1061 3767; x_wconf 89' lang='lat' dir='ltr'>narrandis</span> <span class='ocrx_word' id='word_1_199' title='bbox 1090 3701 1186 3767; x_wconf 90' lang='lat' dir='ltr'>rebus</span> <span class='ocrx_word' id='word_1_200' title='bbox 1209 3702 1332 3766; x_wconf 90' lang='lat' dir='ltr'>Punico</span> 
     </span>
     <span class='ocr_line' id='line_1_26' title="bbox 219 3827 1333 3925; baseline 0 -33"><span class='ocrx_word' id='word_1_201' title='bbox 219 3828 300 3893; x_wconf 89' lang='lat' dir='ltr'>bello</span> <span class='ocrx_word' id='word_1_202' title='bbox 335 3829 474 3925; x_wconf 89' lang='lat' dir='ltr'>secundo</span> <span class='ocrx_word' id='word_1_203' title='bbox 505 3830 611 3913; x_wconf 86' lang='lat' dir='ltr'>gestis,</span> <span class='ocrx_word' id='word_1_204' title='bbox 642 3829 876 3892; x_wconf 88' lang='lat' dir='ltr'>vetustissimos</span> <span class='ocrx_word' id='word_1_205' title='bbox 907 3827 1082 3892; x_wconf 85' lang='lat' dir='ltr'>Annalium</span> <span class='ocrx_word' id='word_1_206' title='bbox 1106 3829 1273 3912; x_wconf 88' lang='lat' dir='ltr'>scriptores</span> <span class='ocrx_word' id='word_1_207' title='bbox 1296 3847 1333 3892; x_wconf 88' lang='lat' dir='ltr'>ac</span> 
     </span>
     <span class='ocr_line' id='line_1_27' title="bbox 220 3941 1397 4038; baseline -0.001 -21"><span class='ocrx_word' id='word_1_208' title='bbox 220 3955 420 4038; x_wconf 88' lang='lat' dir='ltr'>potissimum</span> <span class='ocrx_word' id='word_1_209' title='bbox 452 3953 585 4018; x_wconf 79' lang='lat' dir='ltr'>Fabium</span> <span class='ocrx_word' id='word_1_210' title='bbox 615 3953 773 4017; x_wconf 89' lang='lat' dir='ltr'>Pictorem</span> <span class='ocrx_word' id='word_1_211' title='bbox 805 3957 949 4017; x_wconf 89' lang='lat' dir='ltr'>secutum</span> <span class='ocrx_word' id='word_1_212' title='bbox 980 3971 1057 4016; x_wconf 91' lang='lat' dir='ltr'>esse.</span> <span class='ocrx_word' id='word_1_213' title='bbox 1089 3949 1332 4035; x_wconf 89' lang='lat' dir='ltr'>Disquisitionis</span> <span class='ocrx_word' id='word_1_214' title='bbox 1389 3941 1397 3959; x_wconf 66' lang='lat'>⁸</span> 
     </span>
    </p>
   </div>
   <div class='ocr_carea' id='block_1_5' title="bbox 248 4260 577 4420">
    <p class='ocr_par' dir='ltr' id='par_1_6' title="bbox 248 4260 577 4420">
     <span class='ocr_line' id='line_1_28' title="bbox 248 4260 577 4328; baseline 0 -15"><span class='ocrx_word' id='word_1_215' title='bbox 248 4263 276 4328; x_wconf 86' lang='lat' dir='ltr'>l)</span> <span class='ocrx_word' id='word_1_216' title='bbox 295 4264 349 4314; x_wconf 92' lang='lat' dir='ltr'>Liv.</span> <span class='ocrx_word' id='word_1_217' title='bbox 366 4263 461 4314; x_wconf 84' lang='lat' dir='ltr'>Xlllll.</span> <span class='ocrx_word' id='word_1_218' title='bbox 479 4260 496 4313; x_wconf 87' lang='lat'><strong>6</strong></span> <span class='ocrx_word' id='word_1_219' title='bbox 512 4267 577 4314; x_wconf 85' lang='lat' dir='ltr'>extr.</span> 
     </span>
     <span class='ocr_line' id='line_1_29' title="bbox 252 4353 540 4420; baseline 0.003 -15"><span class='ocrx_word' id='word_1_220' title='bbox 252 4355 279 4420; x_wconf 76' lang='lat'>2)</span> <span class='ocrx_word' id='word_1_221' title='bbox 298 4355 334 4406; x_wconf 80' lang='lat' dir='ltr'>Cf.</span> <span class='ocrx_word' id='word_1_222' title='bbox 351 4355 441 4420; x_wconf 87' lang='lat' dir='ltr'>Bauer,</span> <span class='ocrx_word' id='word_1_223' title='bbox 459 4371 483 4420; x_wconf 93' lang='lat' dir='ltr'>p.</span> <span class='ocrx_word' id='word_1_224' title='bbox 501 4353 540 4406; x_wconf 84' lang='lat' dir='ltr'>to.</span> 
     </span>
    </p>
   </div>
   <div class='ocr_carea' id='block_1_6' title="bbox 0 0 1690 5118">
    <p class='ocr_par' dir='ltr' id='par_1_7' title="bbox 0 0 1690 5118">
     <span class='ocr_line' id='line_1_30' title="bbox 0 0 1690 5118; baseline 0 0"><span class='ocrx_word' id='word_1_225' title='bbox 0 0 1690 5118; x_wconf 95' lang='lat' dir='ltr'> </span> 
     </span>
    </p>
   </div>
  </div>
 </body>
</html>
