3364 5118
909 550 950 612 26

417 759 469 822 Ad
502 778 569 823 rem
603 758 683 824 bene
711 758 961 842 intelligendam,
984 759 1044 822 hoo
1073 758 1142 821 loeo
1167 755 1353 820 observetur
1374 755 1488 819 Silium

371 886 428 950 has
458 904 519 967 res,
549 891 658 949 eontra
689 906 786 968 quam
817 884 944 949 Livium
977 891 1008 950 et
1031 883 1211 965 Polybium,
1235 883 1347 966 quiin
1370 881 1488 965 Apulia

371 1030 424 1075 eas
447 1017 552 1096 gestas
574 1012 713 1088 tradunt,
737 1013 771 1075 in
796 1010 1000 1094 Campaniam
1023 1010 1231 1075 transtulisse.
1253 1007 1345 1084 Quod
1363 1009 1408 1071 ita
1419 1026 1488 1072 esse

370 1142 456 1220 patet
479 1156 496 1201 e
519 1137 600 1201 libro
623 1137 684 1200 Vl.
710 1138 773 1201 643
786 1157 854 1221 sqq.
882 1171 887 1185 ·

392 1372 412 1402 ,Ι
502 1350 543 1358 -
569 1350 610 1358 -
634 1311 736 1377 Colles
759 1312 898 1376 Umbros
921 1318 1018 1396 atque
1041 1331 1117 1375 arva
1140 1311 1265 1395 petebat

500 1437 671 1519 Hannibal,
690 1437 816 1501 exoelso
839 1439 957 1501 summi
979 1457 1044 1520 qua
1066 1411 1183 1500 vertice
1206 1439 1323 1501 montis

504 1559 674 1627 Dev'exum
697 1561 787 1626 lateri
809 1562 926 1646 pendet
946 1562 1058 1644 Tuder,
1082 1566 1177 1645 atque
1200 1561 1256 1625 ubi
1278 1562 1350 1627 latis

455 1697 459 1704 '
502 1689 646 1754 Proieota
667 1690 701 1752 in
726 1691 845 1772 eampis
868 1688 1001 1753 nebulas
1025 1689 1152 1753 exhalat
1174 1690 1300 1770 inertes

503 1814 545 1878 Et
568 1815 655 1878 sedet
676 1815 836 1899 ingentem
859 1833 992 1897 pascens
1016 1811 1163 1877 Mevania
1184 1818 1322 1890 taurum,

505 1937 597 2002 Dona
619 1938 706 2002 Iovi:
732 1944 801 2002 tum
825 1937 983 2002 Palladios
1008 1957 1042 2002 se
1065 1937 1172 2002 fundit
1193 1939 1229 2000 in
1251 1957 1344 2022 agros

503 2064 659 2129 Picenum
682 2064 770 2128 dives
793 2063 936 2147 praedae,
959 2068 1055 2147 atque
1077 2063 1255 2127 errantibus
1279 2065 1385 2145 armis,

503 2188 573 2266 Quo
597 2189 697 2273 spolia
718 2190 864 2271 invitant,
886 2188 1035 2254 transfert
1057 2190 1243 2273 populantia
1265 2191 1374 2274 signa3

495 2313 611 2377 'Donec
632 2312 798 2397 pestiferos
820 2314 906 2377 mitis
931 2312 1102 2397 Campania
1124 2332 1238 2377 oursus

501 2439 656 2521 Tardavit,
680 2438 864 2522 bellumque
888 2440 962 2503 sinu
985 2421 1149 2503 indefensa
1171 2439 1296 2522 recepit.

412 2614 626 2679 Hannibalem
657 2634 698 2679 en
722 2614 894 2699 Campania
915 2619 993 2679 tuno
1015 2615 1076 2678 iam
1102 2616 1137 2678 in
1159 2615 1309 2698 Apuliam
1333 2616 1489 2716 transisse

368 2761 528 2824 nusquam
552 2746 706 2804 narratur.
730 2742 880 2804 Attamen
905 2761 924 2803 a
946 2759 997 2804 me
1016 2741 1186 2824 impetrare
1205 2760 1270 2804 non
1288 2760 1430 2824 possum,
1449 2745 1486 2804 ut

368 2867 502 2947 credam,
532 2871 657 2949 poetam
687 2871 752 2929 tam
781 2865 875 2949 longe
904 2865 1006 2929 afide
1029 2867 1179 2929 historica
1200 2868 1376 2930 recessisse.
1401 2866 1483 2930 Fieri

366 2996 477 3076 potest,
495 2996 535 3055 ut
551 2990 648 3055 Silius
668 2991 860 3075 negligentia
881 2990 1018 3074 quadam
1038 2989 1156 3083 oblitus
1176 2992 1217 3055 sit
1228 2992 1325 3055 huius
1337 2993 1384 3056 rei
1398 3011 1483 3056 men·
1591 3011 1597 3022 ·

368 3119 485 3181 tionem
504 3116 615 3180 faeere.
634 3115 768 3199 Saepius
787 3116 872 3178 enim
886 3115 908 3193 1)
927 3135 1075 3180 oonnexu
1096 3135 1201 3180 rerum
1216 3103 1360 3199 neglecto
1372 3118 1407 3180 in
1419 3137 1483 3182 me-

369 3244 452 3307 diam
476 3262 542 3307 rem
567 3262 626 3306 nos
650 3241 772 3325 abripit.
795 3239 888 3317 Quod
906 3241 1038 3305 fortasse
1058 3247 1088 3305 et
1107 3242 1246 3305 hocloco
1258 3242 1375 3307 foetum
1390 3249 1438 3307 est
1451 3244 1482 3322 ²).

410 3365 502 3431 Duae
524 3368 691 3450 praecipuo
714 3385 764 3431 res
788 3367 977 3430 sententiam
1001 3385 1102 3429 meam
1127 3365 1239 3431 fuloire
1263 3368 1420 3432 videntur.

401 3664 425 3727 1)
444 3663 481 3714 Cl.
502 3643 561 3714 Ι1111.
587 3661 637 3713 376
646 3679 702 3728 sqq.
724 3664 865 3728 Postquam
889 3664 1017 3714 Hannibal
1039 3663 1190 3713 dictatorem
1212 3665 1296 3724 elusit,
1315 3666 1365 3731 „in
1384 3668 1483 3730 patulos

365 3758 497 3807 exsultans
521 3757 614 3806 emicat
635 3756 723 3822 agros'‘
749 3756 814 3821 (Liv.
831 3757 913 3806 XXII.
934 3755 971 3807 17.
996 3754 1055 3805 tin
1072 3771 1132 3821 agro
1151 3756 1261 3806 Allifano
1278 3758 1362 3820 posuit
1379 3759 1481 3820 castra).

366 3850 428 3899 Inde
452 3864 504 3913 quo
530 3850 682 3913 pervenerit,
706 3865 757 3899 non
781 3855 910 3899 narratur.
936 3849 1023 3899 Livius
1047 3863 1093 3898 nos
1109 3850 1189 3912 dooet,
1206 3839 1267 3898 eum
1284 3864 1330 3913 per
1346 3848 1483 3899 Samnium

366 3941 476 3991 Romam
501 3946 587 4005 petere
611 3941 787 4004 simulantem,
815 3941 843 3990 in
870 3941 1002 4005 Paelignos
1028 3940 1240 4004 populabundum
1267 3941 1378 4000 rediisse,
1404 3946 1483 4005 atque

365 4032 455 4082 deinde
478 4047 509 4081 ex
534 4032 661 4096 Paelignis
679 4031 772 4080 itinere
790 4030 855 4081 flexo
873 4031 1016 4096 Apuliaque
1030 4032 1141 4095 repetita
1157 4031 1313 4082 Gereonium
1330 4033 1482 4096 pervenisse,

365 4123 452 4188 ibique
468 4138 509 4173 res
525 4123 693 4187 sequentibus
710 4123 826 4174 versibus
843 4128 960 4173 narratas
976 4128 1060 4190 gestas
1076 4138 1136 4174 esse

397 4214 424 4280 2)
443 4214 480 4265 cf.
498 4214 649 4277 Mommsen,
667 4215 742 4264 Rom.
758 4214 848 4265 Gesch.
865 4215 910 4264 Ed.
928 4216 973 4265 111.
993 4215 1073 4265 Rerol.
1094 4213 1165 4275 1861,
1183 4216 1231 4266 vol.
1253 4217 1273 4279 I,
1291 4231 1316 4281 p.
1333 4213 1390 4266 594.
1407 4216 1482 4266 Peter

366 4307 455 4359 Gesoh.
473 4307 560 4357 Roms.
578 4306 598 4369 l,
616 4320 640 4370 p.
657 4302 714 4356 358.
