3364 5118
766 598 784 657 3

263 809 471 893 Eloquentiae
505 827 578 871 eum
613 826 739 890 operam
769 806 892 870 dedisse
922 807 1132 890 intelligimus
1164 825 1205 870 ex
1238 805 1328 868 Mart.

220 934 325 1019 Epigr.
347 933 405 997 IX.
429 933 491 996 86;
517 933 613 996 Silius
636 933 780 995 Ausonio
802 952 867 996 non
890 933 987 996 semel
1009 952 1063 996 ore
1084 938 1203 1017 potens.

264 1057 321 1120 XI.
345 1059 396 1120 48.
420 1035 517 1121 Silius
539 1056 617 1120 haeo
641 1058 747 1140 magni
769 1056 904 1120 celebrat
928 1059 1122 1121 monimenta
1143 1056 1292 1137 Maronis,

417 1182 532 1266 Iugera
552 1181 681 1246 facundi
704 1183 760 1266 qui
783 1181 942 1246 Ciceronis
966 1182 1067 1246 habet

418 1307 575 1372 Heredem
597 1308 826 1392 dominumque
850 1310 900 1372 sni
924 1309 1081 1373 tumulive
1103 1309 1219 1373 larisve

417 1433 491 1497 Non
513 1434 610 1497 alium
636 1435 741 1498 mallet
764 1453 823 1499 neo
844 1433 932 1498 Maro
956 1453 1016 1498 nec
1040 1433 1155 1499 Cicero.

267 1585 443 1670 Vergilium
473 1606 492 1648 a
522 1585 599 1649 Silio
624 1604 824 1669 summopere
845 1585 966 1648 cultum
990 1604 1068 1667 osse,
1092 1591 1235 1649 auctores
1258 1591 1334 1648 sunt

225 1717 255 1774 et
284 1710 444 1775 Martialis.
476 1711 495 1774 l.
514 1711 533 1774 l.
557 1717 588 1776 et
609 1710 734 1775 Plinius
756 1711 776 1774 l.
797 1711 816 1772 l.
842 1710 1005 1791 „multum
1029 1710 1149 1794 ubique
1171 1710 1333 1792 librorum,

225 1836 362 1900 multum
396 1842 581 1918 statuarum,
615 1837 752 1900 multum
785 1813 970 1921 imaginum,
1003 1857 1082 1921 quas
1113 1857 1178 1901 non
1200 1836 1335 1900 habebat

224 1962 327 2045 modo,
351 1982 462 2026 verum
490 1965 585 2026 etiam
611 1963 825 2045 venerabatur,
850 1963 981 2047 Vergilii
1004 1967 1076 2027 ante
1100 1982 1219 2045 omnes
1241 1964 1334 2027 cuius

225 2088 361 2153 natalem
384 2088 562 2172 religiosius
587 2109 683 2172 quam
706 2088 1007 2168 suumoelebrabat,
1028 2087 1160 2172 Neapoli
1183 2088 1333 2169 maxime,

226 2212 281 2278 ubi
303 2216 534 2279 monimentum
556 2216 625 2278 eius
648 2220 684 2278 ut
706 2215 859 2299 templum
884 2215 970 2278 adire
993 2213 1142 2278 solebat.’'

268 2339 421 2405 Martialis
443 2344 565 2424 praeter
588 2339 646 2403 XI.
669 2342 711 2404 48
736 2340 818 2417 (vide
842 2342 947 2424 supra)
971 2342 1064 2404 etiam
1087 2339 1145 2403 XI.
1169 2342 1229 2403 49:

357 2489 425 2553 Iam
448 2509 544 2574 prope
567 2491 706 2554 desertos
730 2491 850 2554 cineres
873 2496 904 2554 et
927 2493 1034 2554 sancta
1056 2489 1197 2553 Maronis

358 2614 495 2678 Nomina
518 2617 573 2699 qui
596 2616 718 2698 coleret,
742 2635 862 2700 pauper
885 2622 915 2680 et
939 2637 1023 2680 unus
1047 2620 1119 2680 erat.

360 2740 457 2804 Silius
482 2745 604 2825 optatae
628 2761 813 2806 succurrere
835 2743 960 2806 censuit
981 2741 1122 2824 umbrae,

361 2866 457 2931 Silius
481 2873 511 2932 et
533 2872 636 2930 vatem
661 2887 723 2930 non
748 2869 854 2932 minus
878 2869 946 2951 ipso
968 2868 1043 2932 tulit
1055 2867 1088 2950 1).

230 3033 372 3044 ...—

166 3159 173 3190 ¹
261 3149 288 3214 l)
307 3150 374 3200 Cum
396 3150 479 3214 Lipsio
501 3151 572 3200 hunc
587 3150 672 3200 locum
690 3151 727 3200 sic
743 3150 879 3216 legendum
896 3165 951 3201 1111
966 3151 1089 3200 arbitror:
1107 3150 1185 3201 Silius
1202 3155 1336 3214 stratam,

228 3254 280 3289 non
297 3240 382 3291 minor
398 3241 458 3305 ipse,
475 3238 545 3291 colit?
