3360 5116
764 603 804 664 73

274 811 345 873 509.
655 879 658 888 ,
699 845 742 856 -
766 847 808 856 —
833 809 1044 893 Coniungitur
1066 829 1137 873 acer

359 934 513 1017 Pelignus
536 972 577 980 —
602 972 644 981 —

274 1061 345 1124 515.
363 1059 460 1124 Haud
486 1061 550 1124 ullo
572 1060 672 1125 levior
693 1059 784 1125 bellis
808 1061 941 1125 Vestina
962 1062 1114 1125 iuventus

358 1187 499 1271 Agmina
521 1186 674 1268 densauit,
697 1225 739 1232 —
762 1225 803 1233 —

230 1311 407 1376 Observant
431 1312 567 1377 eundem
591 1312 733 1376 ordinem
758 1313 842 1396 apud
862 1316 1035 1395 utrumque
1053 1331 1131 1377 esse.
1144 1311 1223 1376 Mihi
1234 1312 1343 1377 viden-

231 1443 285 1502 tur
318 1437 388 1500 Viri
423 1436 516 1502 Docti
549 1443 633 1502 recte
667 1438 867 1520 iudicavisse,
903 1457 1004 1522 eoque
1038 1439 1148 1522 magis,
1183 1438 1277 1521 quod,
1307 1443 1344 1502 ut

230 1562 451 1626 animadvertit
480 1563 643 1627 Wenelius
656 1558 680 1645 ¹)
713 1583 778 1626 non
801 1582 872 1627 raro
899 1562 1026 1628 Ennius
1049 1563 1191 1648 Vergilio
1216 1583 1344 1647 quoque

231 1687 375 1772 exemplo
397 1687 466 1751 fuit

273 1809 327 1875 Sil.
348 1810 438 1874 vm.
461 1812 635 1875 404-411
660 1811 776 1896 legitur
794 1812 996 1895 splendidum
1019 1810 1179 1876 Ciceronis
1196 1810 1343 1895 elogium.

186 1955 187 1960 ¹
229 1937 281 2000 Ad
310 1937 396 2001 hunc
428 1938 535 2002 locum
566 1943 695 2002 annotat
716 1938 906 2023 Rupertius:
934 1938 1006 2020 „Ut
1028 1939 1137 2021 itaque
1159 1939 1344 2001 memoriam

160 2113 163 2122 .
230 2064 299 2128 eius
330 2064 399 2146 viri,
430 2083 526 2147 quem
556 2084 622 2128 non
650 2066 759 2128 minus
786 2064 860 2147 fere,
892 2084 988 2147 quam
1018 2062 1191 2146 Maronem,
1214 2063 1254 2127 ad
1275 2065 1346 2126 imi-

230 2190 362 2252 tandum
397 2189 458 2252 sibi
491 2194 704 2273 proposuerat,
738 2190 798 2253 hoc
833 2189 925 2273 quasi
956 2189 1151 2252 monimento
1183 2208 1346 2253 consecra-

230 2320 285 2398 ret,
316 2336 418 2379 unum
448 2335 466 2380 e
497 2315 668 2380 maioribus
697 2318 799 2400 ipsius
829 2314 1038 2400 Arpinatibus
1061 2316 1197 2398 aliisque
1219 2315 1346 2379 Volscis

233 2441 407 2525 praefuisse
428 2435 549 2526 fingit.”
573 2441 670 2506 Recte
692 2443 783 2507 dicit:
808 2443 944 2527 fingit.
969 2442 1090 2518 Quodsi
1112 2462 1146 2506 re
1169 2462 1244 2506 vera
1263 2443 1347 2506 inter

232 2567 275 2630 M.
300 2566 395 2631 Tullii
426 2567 586 2632 'Ciceronis
609 2570 743 2632 maiores
767 2570 983 2634 numerandus
1008 2575 1099 2652 esset,
1122 2570 1216 2633 homo
1240 2569 1346 2631 vanis-

231 2694 332 2757 simus
363 2693 500 2777 profecto
530 2713 594 2757 non
621 2694 814 2778 neglexisset
835 2695 904 2778 ipsa
926 2697 1120 2759 mentionem
1143 2695 1213 2758 eius
1235 2692 1345 2756 lacere.

234 2817 296 2893 Qui
329 2823 438 2882 contra
467 2819 614 2902 pluribus
644 2820 722 2884 locis
753 2819 888 2884 affirmat
918 2821 956 2884 dc
979 2819 1154 2884 maioribus
1178 2821 1245 2884 suis
1265 2818 1347 2882 nihil

234 2945 411 3028 quidquam
434 2951 588 3030 constare,
610 2947 713 3010 velut:
739 2947 777 3010 de
799 2947 869 3030 lege
891 2947 1026 3030 Agraria
1047 2966 1073 3009 c.
1098 2946 1114 3007 1
1139 2946 1158 3027 ξ
1185 2946 1213 3008 1.
1240 2944 1347 3025 „Mihi

232 3070 361 3153 quidem
391 3070 475 3154 apud
505 3091 561 3134 vos
592 3071 630 3135 de
660 3074 740 3136 meis
770 3071 944 3136 maioribus
976 3072 1101 3136 dicendi
1124 3071 1256 3136 facultas
1280 3090 1345 3135 non

232 3197 335 3279 datur,
365 3216 430 3260 non
462 3216 526 3281 quo
556 3217 619 3260 non
651 3197 728 3261 tales
754 3198 882 3279 fuerint,
906 3198 1016 3281 quales
1039 3217 1098 3262 nos
1121 3198 1252 3262 illorum
1275 3216 1346 3260 san·

231 3324 329 3406 gnine
351 3327 472 3386 creatos
496 3322 725 3406 disciplinaque
747 3325 910 3388 institutos
930 3323 1053 3405 videtis,
1073 3325 1128 3388 scd
1147 3325 1233 3407 quod
1252 3323 1346 3387 laude

231 3447 376 3531 populari
399 3453 495 3531 atque
517 3449 645 3512 honoris
668 3450 765 3512 vestri
787 3449 860 3512 luce
888 3447 1088 3512 caruerunt.”

276 3571 355 3636 Ibid.
379 3592 404 3636 c.
429 3573 469 3636 36
495 3574 514 3655 §
540 3574 611 3637 100.
638 3571 753 3654 „Nulli
776 3572 892 3657 populo
911 3572 1053 3636 Romano
1073 3591 1129 3656 pro
1148 3591 1199 3636 me
1211 3575 1347 3637 maiores

233 3701 297 3762 mei
331 3699 569 3783 spoponderunt
602 3737 644 3744 -
676 3736 719 3745 —
750 3699 831 3762 nulli
860 3718 912 3763 mc
941 3697 1032 3762 vobis
1055 3703 1199 3762 auctores
1221 3700 1348 3781 generis

234 3824 564 3889 commendaverunt.’'

278 3950 433 4039 Videmus
467 3952 567 4034 igitur
601 3951 642 4014 ad
675 3949 844 4032 Ciceronis,
876 3969 970 4033 quem
1001 3950 1163 4014 interdum
1193 3953 1348 4035 sequitur,

233 4076 359 4141 laudem
397 4077 647 4161 praedicandam,
681 4076 814 4142 finxisse
848 4082 972 4161 pectam
1005 4076 1145 4141 Tullium
1180 4067 1347 4161 quendam.

267 4346 294 4412 l)
312 4363 336 4412 p.
352 4345 393 4398 36.
