3360 5116
839 593 901 655 102

831 897 919 956 XXI.

357 1090 477 1154 Caesar.
501 1090 540 1153 de
563 1089 599 1152 Β.
624 1088 660 1152 G.
685 1087 709 1150 Ι.
734 1088 792 1150 31;

357 1204 529 1269 Hominem
562 1222 632 1266 esse
666 1200 847 1278 barbarum,
880 1201 1079 1278 iracundum,
1111 1202 1332 1265 temerarium:
1365 1219 1430 1264 non

314 1349 407 1414 posse
431 1331 500 1394 eius
522 1330 655 1412 imperia
678 1329 799 1392 diutins
823 1330 981 1392 sustin
995 1347 1076 1392 ere.

358 1454 543 1548 Legendum
566 1458 614 1518 est
636 1454 882 1517 sustineri.

824 1725 928 1783 XXII.

358 1905 426 1968 Liv.
449 1903 558 1967 XXII.
581 1906 618 1966 8:

359 2031 473 2114 Equus
515 2034 643 2114 repente
685 2031 820 2095 corruit·
847 2031 1074 2113 consulemque
1115 2027 1250 2114 lapsu
1263 2051 1295 2094 m
1337 2050 1432 2115 super

321 2160 417 2240 caput
438 2156 555 2220 offudit.
915 2123 917 2127 ι

252 2254 255 2260 ’
362 2281 570 2346 Scn‘bendum
594 2282 735 2346 videtur:
760 2282 931 2367 lapsus.

814 2547 934 2611 XXIII.
1037 2555 1041 2564 '

362 2733 429 2797 Liv.
451 2732 560 2797 XXII.
586 2733 644 2795 17:

365 2859 435 2936 Quo
459 2860 535 2942 (scil.
559 2859 666 2940 boum)
691 2860 838 2924 discursu
861 2859 947 2923 haud
970 2879 1062 2924 secus
1086 2855 1182 2942 quam
1206 2859 1296 2922 silvis
1318 2859 1434 2922 monti·
1473 2883 1477 2890 ·

319 2987 445 3069 busque
469 2987 610 3049 accensis
634 2987 741 3072 omnia
759 2988 843 3049 circa
862 2986 1001 3069 virgulta
1020 2988 1088 3050 visa
1100 2976 1218 3067 arderq
1231 2986 1434 3068 capitumque

297 3083 299 3087 ι
318 3112 471 3175 inrita
490 3112 651 3194 quassatio
671 3107 814 3174 excitans
831 3111 991 3174 flammam
1003 3113 1170 3176 hominum
1182 3112 1300 3194 passim
1314 3111 1435 3174 discur-

320 3237 460 3300 rentium
485 3237 619 3319 speciem
644 3236 821 3320 praebebat.

365 3359 594 3444 corrigendum
619 3361 759 3425 videtur:
784 3363 829 3425 in
841 3382 858 3424 c
869 3363 880 3424 i
892 3367 905 3425 t
918 3383 943 3426 a.

816 3636 934 3695 xxiv.
1034 3691 1037 3696 ,
1089 3595 1116 3658 ·”
1172 3623 1175 3630 ’

300 3768 303 3773 ’
365 3815 431 3879 mv.
455 3815 563 3879 xxii.
588 3819 624 3878 s:

366 3940 445 4006 Pars
476 3961 540 4004 non
564 3942 606 4021 id,
629 3941 714 4024 quod
738 3943 902 4025 acciderat,
925 3964 981 4028 per
1003 3964 1035 4009 se
1058 3947 1232 4027 aestimare,
1257 3947 1320 4028 sed,
1344 3950 1380 4010 ut
1402 3947 1437 4008 in
1472 3979 1475 3985 ·

322 4068 432 4132 affecto
455 4086 585 4151 corpore
610 4070 756 4151 quamvis
778 4069 858 4134 levis
881 4090 976 4134 causa
1001 4073 1102 4155 magis
1126 4092 1221 4155 quam
1242 4073 1347 4136 valido
1366 4093 1436 4156 gra-

322 4196 392 4258 vior
414 4195 586 4259 sentiretur
609 4231 650 4240 -
675 4232 715 4240 -

368 4319 576 4385 scribendum
600 4324 663 4384 est:
687 4321 733 4384 in
757 4320 924 4385 valido.
