3364 5118
770 1737 981 1812 CAPUT
1019 1737 1069 1812 ΙΙ.

401 2324 488 2389 Libri
513 2326 578 2389 VII
600 2329 690 2392 initio
713 2332 805 2412 potita
828 2333 933 2393 narrat
955 2327 1099 2410 Fabium,
1123 2331 1175 2392 cui
1198 2331 1337 2414 populus
1359 2330 1474 2395 Roma-

355 2473 419 2516 nus
451 2454 563 2518 salutis
592 2455 732 2519 habenas
764 2456 948 2519 credidisset
961 2455 994 2538 ¹),
1018 2457 1134 2520 dilectu
1156 2456 1272 2538 habito,
1297 2458 1473 2521 exercitum

357 2598 398 2642 ex
428 2580 551 2644 civibus
575 2583 732 2664 soc-iisque
757 2583 929 2664 scripsisse,
952 2556 1048 2664 quam
1072 2600 1138 2645 rem
1163 2583 1321 2665 copiosius
1345 2585 1475 2645 nunant

354 2704 466 2769 Livius
490 2706 706 2788 etPolybius,
731 2709 847 2791 quippe
871 2728 1008 2791 quorum
1033 2709 1111 2772 alter
1134 2709 1222 2790 duas,
1239 2709 1318 2773 alter
1336 2714 1474 2792 quatuor

354 2851 428 2895 eum
463 2833 603 2916 legiones
638 2834 800 2916 scripsisse
817 2829 1001 2914 tradant).
1032 2833 1144 2916 Neque
1175 2834 1235 2897 hoe
1265 2834 1344 2916 loco,
1367 2853 1472 2919 neque
1512 2896 1514 2900 .

353 2957 427 3020 alibi
450 2958 635 3021 historicum
659 2960 732 3042 egit,
754 2963 924 3041 rectusque
948 2978 1100 3022 numerus
1124 2980 1244 3048 perum¹
1259 2961 1288 3024 ei
1307 2961 1395 3023 cordi
1414 2966 1469 3024 est.

394 3082 565 3162 Hannibal,
591 3103 689 3166 quum
714 3082 833 3146 Romae
857 3083 1040 3147 dictatorern
1066 3084 1185 3147 dictum
1210 3085 1418 3167 cognovisset,
1437 3084 1471 3147 id

352 3228 417 3272 non
451 3216 567 3273 temere
599 3210 717 3273 factum
749 3229 819 3274 esse
849 3215 948 3293 putat,
971 3216 1066 3292 atque
1095 3209 1205 3272 ardore
1228 3207 1341 3293 flagrat
1364 3211 1470 3273 scisci·

352 3336 448 3409 tandi,
480 3355 573 3418 quem
604 3336 740 3399 tandem.
763 3337 867 3399 virum
893 3336 953 3399 sibi
976 3355 1084 3419 parem
1108 3334 1245 3397 Romani
1269 3337 1304 3397 in
1327 3342 1469 3400 extremo

351 3462 533 3556 discrimine
563 3481 670 3525 rerum
701 3461 825 3524 afflictis
849 3463 917 3525 suis
938 3461 1034 3525 rebus
1058 3459 1282 3544 praefecissent
1307 3461 1469 3543 (20-25).

349 3589 456 3651 Acciri
490 3588 588 3670 igitur
622 3587 710 3651 iubet
744 3607 846 3650 unum
877 3606 917 3650 ex
946 3586 1088 3670 captivis
1112 3603 1210 3667 quem
1232 3586 1406 3668 interroget
1429 3583 1468 3648 de

349 3718 477 3801 ingenio
508 3715 714 3798 moribusque
744 3713 841 3777 Fabii.
873 3711 959 3788 Quin
985 3711 1045 3774 hoc
1068 3714 1286 3774 commentum
1309 3711 1469 3793 poeticum

288 3899 289 3905 ,
350 3846 399 3926 sit,
428 3844 486 3906 rix
516 3841 634 3922 dubito,
664 3860 730 3903 non
757 3844 882 3903 tentum
913 3837 999 3921 quod
1028 3837 1170 3900 historici
1203 3835 1241 3899 de
1266 3840 1332 3898 tote
1354 3835 1413 3898 hac
1435 3852 1469 3897 re

348 3973 461 4052 tacent,
484 3969 539 4033 sed
563 3969 654 4032 etium
679 3967 800 4030 ratione
822 3965 928 4029 habite
951 3965 1068 4048 captivi
1091 3962 1231 4026 nominis
1251 3966 1282 4025 et
1302 3980 1409 4025 rerum
1429 3959 1469 4024 ab

352 4152 497 4160 ———-

380 4270 408 4335 1)
427 4270 462 4321 ct
480 4269 523 4320 Sil.
541 4267 584 4318 VI.
600 4265 647 4317 611
659 4281 716 4330 sqq.

379 4361 407 4424 Ι)
426 4361 479 4410 Liv.
497 4359 579 4410 XXII.
594 4357 636 4422 tt,
655 4357 741 4422 Polyb.
759 4355 805 4419 ΙΙΙ,
823 4351 864 4403 88.
