<?xml version="1.0" encoding="UTF-8"?>
<!DOCTYPE html PUBLIC "-//W3C//DTD XHTML 1.0 Transitional//EN"
    "http://www.w3.org/TR/xhtml1/DTD/xhtml1-transitional.dtd">
<html xmlns="http://www.w3.org/1999/xhtml" xml:lang="en" lang="en">
 <head>
  <title>
</title>
<meta http-equiv="Content-Type" content="text/html;charset=utf-8" />
  <meta name='ocr-system' content='tesseract 3.04.00' />
  <meta name='ocr-capabilities' content='ocr_page ocr_carea ocr_par ocr_line ocrx_word'/>
</head>
<body>
  <div class='ocr_page' id='page_1' title='image "./quaestionessili00veengoog_0059.png"; bbox 0 0 3364 5118; ppageno 0'>
   <div class='ocr_carea' id='block_1_1' title="bbox 896 584 937 646">
    <p class='ocr_par' dir='ltr' id='par_1_1' title="bbox 896 584 937 646">
     <span class='ocr_line' id='line_1_1' title="bbox 896 584 937 646; baseline 0 0"><span class='ocrx_word' id='word_1_1' title='bbox 896 584 937 646; x_wconf 88' lang='grc'><strong>46</strong></span> 
     </span>
    </p>
   </div>
   <div class='ocr_carea' id='block_1_2' title="bbox 290 791 1477 2005">
    <p class='ocr_par' dir='ltr' id='par_1_2' title="bbox 290 791 1477 2005">
     <span class='ocr_line' id='line_1_2' title="bbox 361 791 1473 878; baseline 0 -20"><span class='ocrx_word' id='word_1_2' title='bbox 361 794 449 859; x_wconf 85' lang='lat' dir='ltr'><strong>Iliad.</strong></span> <span class='ocrx_word' id='word_1_3' title='bbox 476 792 514 857; x_wconf 91' lang='lat' dir='ltr'><strong>K.</strong></span> <span class='ocrx_word' id='word_1_4' title='bbox 539 793 698 875; x_wconf 80' lang='lat'><strong>73-179,</strong></span> <span class='ocrx_word' id='word_1_5' title='bbox 722 792 839 876; x_wconf 90' lang='lat' dir='ltr'><strong>quibus</strong></span> <span class='ocrx_word' id='word_1_6' title='bbox 861 791 1008 856; x_wconf 84' lang='lat' dir='ltr'><strong>versibus</strong></span> <span class='ocrx_word' id='word_1_7' title='bbox 1032 799 1178 857; x_wconf 81' lang='lat' dir='ltr'>narratur</span> <span class='ocrx_word' id='word_1_8' title='bbox 1201 794 1473 878; x_wconf 82' lang='lat' dir='ltr'><strong>Agamemnonem</strong></span> 
     </span>
     <span class='ocr_line' id='line_1_3' title="bbox 363 912 1473 984; baseline -0.002 0"><span class='ocrx_word' id='word_1_9' title='bbox 363 924 394 984; x_wconf 88' lang='lat' dir='ltr'><strong>et</strong></span> <span class='ocrx_word' id='word_1_10' title='bbox 423 919 589 983; x_wconf 82' lang='lat' dir='ltr'><strong>Nestorem</strong></span> <span class='ocrx_word' id='word_1_11' title='bbox 620 919 735 982; x_wconf 82' lang='lat' dir='ltr'><strong>adiisse</strong></span> <span class='ocrx_word' id='word_1_12' title='bbox 764 912 949 983; x_wconf 89' lang='lat' dir='ltr'><strong>Diomedem</strong></span> <span class='ocrx_word' id='word_1_13' title='bbox 973 924 1004 982; x_wconf 89' lang='lat' dir='ltr'><strong>et</strong></span> <span class='ocrx_word' id='word_1_14' title='bbox 1026 918 1163 982; x_wconf 84' lang='lat' dir='ltr'><strong>Ulixem.</strong></span> <span class='ocrx_word' id='word_1_15' title='bbox 1187 917 1379 983; x_wconf 88' lang='lat' dir='ltr'><strong>Nominibus</strong></span> <span class='ocrx_word' id='word_1_16' title='bbox 1403 940 1473 982; x_wconf 89' lang='lat' dir='ltr'><strong>mu-</strong></span> 
     </span>
     <span class='ocr_line' id='line_1_4' title="bbox 362 1043 1472 1109; baseline -0.001 0"><span class='ocrx_word' id='word_1_17' title='bbox 362 1046 435 1109; x_wconf 88' lang='lat' dir='ltr'><strong>tatis</strong></span> <span class='ocrx_word' id='word_1_18' title='bbox 465 1045 549 1109; x_wconf 88' lang='lat' dir='ltr'><strong>idem</strong></span> <span class='ocrx_word' id='word_1_19' title='bbox 579 1065 598 1108; x_wconf 89' lang='lat' dir='ltr'><strong>a</strong></span> <span class='ocrx_word' id='word_1_20' title='bbox 626 1043 703 1108; x_wconf 81' lang='lat' dir='ltr'><strong>Silio</strong></span> <span class='ocrx_word' id='word_1_21' title='bbox 733 1049 886 1108; x_wconf 88' lang='lat' dir='ltr'><strong>narratur.</strong></span> <span class='ocrx_word' id='word_1_22' title='bbox 916 1043 1063 1108; x_wconf 77' lang='lat' dir='ltr'><strong>Fortasse</strong></span> <span class='ocrx_word' id='word_1_23' title='bbox 1085 1046 1180 1108; x_wconf 88' lang='lat' dir='ltr'><strong>etiam</strong></span> <span class='ocrx_word' id='word_1_24' title='bbox 1201 1046 1235 1107; x_wconf 91' lang='lat' dir='ltr'><strong>in</strong></span> <span class='ocrx_word' id='word_1_25' title='bbox 1259 1044 1472 1109; x_wconf 78' lang='lat' dir='ltr'><strong>describendis</strong></span> 
     </span>
     <span class='ocr_line' id='line_1_5' title="bbox 363 1168 1474 1253; baseline -0.002 -19"><span class='ocrx_word' id='word_1_26' title='bbox 363 1171 502 1235; x_wconf 82' lang='lat' dir='ltr'><strong>Maraxis</strong></span> <span class='ocrx_word' id='word_1_27' title='bbox 525 1168 782 1253; x_wconf 74' lang='lat' dir='ltr'><strong>helenaeque1)</strong></span> <span class='ocrx_word' id='word_1_28' title='bbox 804 1171 932 1253; x_wconf 84' lang='lat' dir='ltr'><strong>ingenio</strong></span> <span class='ocrx_word' id='word_1_29' title='bbox 950 1175 981 1233; x_wconf 86' lang='lat' dir='ltr'><strong>et</strong></span> <span class='ocrx_word' id='word_1_30' title='bbox 999 1169 1151 1252; x_wconf 90' lang='lat' dir='ltr'><strong>moribus,</strong></span> <span class='ocrx_word' id='word_1_31' title='bbox 1169 1169 1302 1234; x_wconf 91' lang='lat' dir='ltr'><strong>Homeri</strong></span> <span class='ocrx_word' id='word_1_32' title='bbox 1321 1171 1474 1233; x_wconf 85' lang='lat' dir='ltr'><strong>rationem</strong></span> 
     </span>
     <span class='ocr_line' id='line_1_6' title="bbox 364 1275 1474 1379; baseline 0.001 -21"><span class='ocrx_word' id='word_1_33' title='bbox 364 1295 482 1359; x_wconf 86' lang='lat' dir='ltr'><strong>habuit.</strong></span> <span class='ocrx_word' id='word_1_34' title='bbox 512 1275 677 1377; x_wconf 77' lang='lat' dir='ltr'><strong>Maraxes,¹</strong></span> <span class='ocrx_word' id='word_1_35' title='bbox 698 1296 746 1358; x_wconf 91' lang='lat' dir='ltr'><strong>vir</strong></span> <span class='ocrx_word' id='word_1_36' title='bbox 774 1294 887 1358; x_wconf 83' lang='lat' dir='ltr'><strong>ferocis</strong></span> <span class='ocrx_word' id='word_1_37' title='bbox 916 1296 1045 1379; x_wconf 84' lang='lat' dir='ltr'><strong>ingenii,</strong></span> <span class='ocrx_word' id='word_1_38' title='bbox 1071 1293 1233 1360; x_wconf 90' lang='lat' dir='ltr'><strong>Diomedis</strong></span> <span class='ocrx_word' id='word_1_39' title='bbox 1265 1301 1368 1379; x_wconf 87' lang='lat' dir='ltr'><strong>partes</strong></span> <span class='ocrx_word' id='word_1_40' title='bbox 1392 1297 1474 1379; x_wconf 80' lang='lat' dir='ltr'><strong>ogit3</strong></span> 
     </span>
     <span class='ocr_line' id='line_1_7' title="bbox 290 1420 1474 1506; baseline 0.002 -24"><span class='ocrx_word' id='word_1_41' title='bbox 290 1459 293 1466; x_wconf 84' lang='lat'>·</span> <span class='ocrx_word' id='word_1_42' title='bbox 364 1420 547 1506; x_wconf 73' lang='lat' dir='ltr'><strong>Acherram,</strong></span> <span class='ocrx_word' id='word_1_43' title='bbox 570 1421 650 1501; x_wconf 89' lang='lat' dir='ltr'><strong>„cui</strong></span> <span class='ocrx_word' id='word_1_44' title='bbox 668 1438 761 1503; x_wconf 89' lang='lat' dir='ltr'><strong>parca</strong></span> <span class='ocrx_word' id='word_1_45' title='bbox 780 1421 879 1502; x_wconf 92' lang='lat' dir='ltr'><strong>quies,</strong></span> <span class='ocrx_word' id='word_1_46' title='bbox 901 1421 1131 1503; x_wconf 91' lang='lat' dir='ltr'><strong>minimumque</strong></span> <span class='ocrx_word' id='word_1_47' title='bbox 1150 1421 1280 1504; x_wconf 90' lang='lat' dir='ltr'><strong>soporis,</strong></span> <span class='ocrx_word' id='word_1_48' title='bbox 1292 1439 1351 1484; x_wconf 97' lang='lat' dir='ltr'><strong>nec</strong></span> <span class='ocrx_word' id='word_1_49' title='bbox 1363 1425 1474 1484; x_wconf 90' lang='lat' dir='ltr'><strong>notum</strong></span> 
     </span>
     <span class='ocr_line' id='line_1_8' title="bbox 366 1543 1476 1628; baseline 0.001 -19"><span class='ocrx_word' id='word_1_50' title='bbox 366 1563 477 1609; x_wconf 92' lang='lat' dir='ltr'><strong>somno</strong></span> <span class='ocrx_word' id='word_1_51' title='bbox 506 1551 615 1609; x_wconf 91' lang='lat' dir='ltr'><strong>noctes</strong></span> <span class='ocrx_word' id='word_1_52' title='bbox 638 1543 802 1628; x_wconf 85' lang='lat' dir='ltr'><strong>aequare&#39;’,</strong></span> <span class='ocrx_word' id='word_1_53' title='bbox 829 1563 988 1628; x_wconf 90' lang='lat' dir='ltr'><strong>quemque</strong></span> <span class='ocrx_word' id='word_1_54' title='bbox 1012 1564 1132 1628; x_wconf 90' lang='lat' dir='ltr'><strong>equum</strong></span> <span class='ocrx_word' id='word_1_55' title='bbox 1154 1544 1313 1609; x_wconf 89' lang='lat' dir='ltr'><strong>foventem</strong></span> <span class='ocrx_word' id='word_1_56' title='bbox 1334 1547 1476 1610; x_wconf 88' lang='lat' dir='ltr'><strong>invenie·</strong></span> 
     </span>
     <span class='ocr_line' id='line_1_9' title="bbox 365 1668 1477 1753; baseline 0 -20"><span class='ocrx_word' id='word_1_57' title='bbox 365 1669 449 1751; x_wconf 90' lang='lat' dir='ltr'><strong>bant,</strong></span> <span class='ocrx_word' id='word_1_58' title='bbox 482 1668 551 1733; x_wconf 88' lang='lat' dir='ltr'><strong>fieri</strong></span> <span class='ocrx_word' id='word_1_59' title='bbox 580 1673 683 1752; x_wconf 89' lang='lat' dir='ltr'><strong>potest</strong></span> <span class='ocrx_word' id='word_1_60' title='bbox 714 1675 751 1732; x_wconf 93' lang='lat' dir='ltr'><strong>ut</strong></span> <span class='ocrx_word' id='word_1_61' title='bbox 781 1670 953 1753; x_wconf 82' lang='lat' dir='ltr'><strong>respiciens</strong></span> <span class='ocrx_word' id='word_1_62' title='bbox 975 1669 1113 1751; x_wconf 79' lang='lat' dir='ltr'><strong>Ulixem,</strong></span> <span class='ocrx_word' id='word_1_63' title='bbox 1138 1668 1377 1733; x_wconf 90' lang='lat' dir='ltr'><strong>callidissimum</strong></span> <span class='ocrx_word' id='word_1_64' title='bbox 1400 1690 1477 1753; x_wconf 91' lang='lat' dir='ltr'><strong>pru·</strong></span> 
     </span>
     <span class='ocr_line' id='line_1_10' title="bbox 367 1770 1473 1878; baseline -0.003 -19"><span class='ocrx_word' id='word_1_65' title='bbox 367 1796 653 1878; x_wconf 89' lang='lat' dir='ltr'><strong>dentissimumqne</strong></span> <span class='ocrx_word' id='word_1_66' title='bbox 685 1796 827 1858; x_wconf 91' lang='lat' dir='ltr'><strong>omnium</strong></span> <span class='ocrx_word' id='word_1_67' title='bbox 860 1794 1062 1876; x_wconf 82' lang='lat' dir='ltr'><strong>Graecorum,</strong></span> <span class='ocrx_word' id='word_1_68' title='bbox 1088 1799 1179 1878; x_wconf 68' lang='lat' dir='ltr'><strong>poeta</strong></span> <span class='ocrx_word' id='word_1_69' title='bbox 1199 1796 1244 1858; x_wconf 90' lang='lat' dir='ltr'><strong>ita</strong></span> <span class='ocrx_word' id='word_1_70' title='bbox 1266 1770 1473 1878; x_wconf 83' lang='lat' dir='ltr'><strong>descripserit.</strong></span> 
     </span>
     <span class='ocr_line' id='line_1_11' title="bbox 368 1911 1473 2005; baseline -0.002 -20"><span class='ocrx_word' id='word_1_71' title='bbox 368 1919 456 1996; x_wconf 81' lang='lat' dir='ltr'><strong>Quae</strong></span> <span class='ocrx_word' id='word_1_72' title='bbox 487 1941 587 2004; x_wconf 88' lang='lat' dir='ltr'><strong>quum</strong></span> <span class='ocrx_word' id='word_1_73' title='bbox 618 1911 662 1985; x_wconf 87' lang='lat' dir='ltr'><strong>ita</strong></span> <span class='ocrx_word' id='word_1_74' title='bbox 692 1923 765 2003; x_wconf 89' lang='lat' dir='ltr'><strong>sint,</strong></span> <span class='ocrx_word' id='word_1_75' title='bbox 795 1939 851 2004; x_wconf 93' lang='lat' dir='ltr'><strong>pro</strong></span> <span class='ocrx_word' id='word_1_76' title='bbox 881 1926 965 1984; x_wconf 88' lang='lat' dir='ltr'><strong>certo</strong></span> <span class='ocrx_word' id='word_1_77' title='bbox 992 1939 1108 2005; x_wconf 89' lang='lat' dir='ltr'><strong>ponere</strong></span> <span class='ocrx_word' id='word_1_78' title='bbox 1131 1940 1195 1984; x_wconf 96' lang='lat' dir='ltr'><strong>non</strong></span> <span class='ocrx_word' id='word_1_79' title='bbox 1219 1921 1337 2003; x_wconf 83' lang='lat' dir='ltr'><strong>dubita,</strong></span> <span class='ocrx_word' id='word_1_80' title='bbox 1360 1920 1473 1985; x_wconf 84' lang='lat' dir='ltr'><strong>Silium</strong></span> 
     </span>
    </p>
   </div>
   <div class='ocr_carea' id='block_1_3' title="bbox 244 2045 1317 2145">
    <p class='ocr_par' dir='ltr' id='par_1_3' title="bbox 244 2045 1317 2145">
     <span class='ocr_line' id='line_1_12' title="bbox 244 2045 1317 2145; baseline 0.001 -36"><span class='ocrx_word' id='word_1_81' title='bbox 244 2117 262 2142; x_wconf 83' lang='lat'><strong>.-</strong></span> <span class='ocrx_word' id='word_1_82' title='bbox 366 2048 401 2110; x_wconf 92' lang='lat' dir='ltr'><strong>in</strong></span> <span class='ocrx_word' id='word_1_83' title='bbox 422 2046 612 2111; x_wconf 86' lang='lat' dir='ltr'><strong>Hannibalis</strong></span> <span class='ocrx_word' id='word_1_84' title='bbox 635 2047 706 2110; x_wconf 94' lang='lat' dir='ltr'><strong>dolo</strong></span> <span class='ocrx_word' id='word_1_85' title='bbox 729 2046 885 2110; x_wconf 90' lang='lat' dir='ltr'><strong>narrando</strong></span> <span class='ocrx_word' id='word_1_86' title='bbox 907 2045 1035 2110; x_wconf 72' lang='lat' dir='ltr'><strong>Lirim</strong></span> <span class='ocrx_word' id='word_1_87' title='bbox 1058 2051 1201 2110; x_wconf 88' lang='lat' dir='ltr'><strong>secutum</strong></span> <span class='ocrx_word' id='word_1_88' title='bbox 1226 2065 1317 2145; x_wconf 19' lang='lat' dir='ltr'><strong>esse..</strong></span> 
     </span>
    </p>
   </div>
   <div class='ocr_carea' id='block_1_4' title="bbox 412 2196 665 2261">
    <p class='ocr_par' dir='ltr' id='par_1_4' title="bbox 412 2196 665 2261">
     <span class='ocr_line' id='line_1_13' title="bbox 412 2196 665 2261; baseline -0.012 0"><span class='ocrx_word' id='word_1_89' title='bbox 412 2196 465 2261; x_wconf 82' lang='lat' dir='ltr'><strong>Sil.</strong></span> <span class='ocrx_word' id='word_1_90' title='bbox 488 2196 560 2259; x_wconf 88' lang='lat' dir='ltr'><strong>VH.</strong></span> <span class='ocrx_word' id='word_1_91' title='bbox 585 2197 665 2259; x_wconf 81' lang='lat'>377:</span> 
     </span>
    </p>
   </div>
   <div class='ocr_carea' id='block_1_5' title="bbox 477 2321 1377 2531">
    <p class='ocr_par' dir='ltr' id='par_1_5' title="bbox 477 2321 1377 2531">
     <span class='ocr_line' id='line_1_14' title="bbox 477 2321 1377 2406; baseline -0.004 -19"><span class='ocrx_word' id='word_1_92' title='bbox 477 2322 552 2387; x_wconf 90' lang='lat' dir='ltr'><strong>Huc</strong></span> <span class='ocrx_word' id='word_1_93' title='bbox 574 2327 679 2386; x_wconf 89' lang='lat' dir='ltr'><strong>tamen</strong></span> <span class='ocrx_word' id='word_1_94' title='bbox 702 2340 807 2406; x_wconf 89' lang='lat' dir='ltr'><strong>usque</strong></span> <span class='ocrx_word' id='word_1_95' title='bbox 831 2322 906 2406; x_wconf 80' lang='lat' dir='ltr'><strong>vigil</strong></span> <span class='ocrx_word' id='word_1_96' title='bbox 928 2326 1138 2406; x_wconf 79' lang='lat' dir='ltr'><strong>praecesserat</strong></span> <span class='ocrx_word' id='word_1_97' title='bbox 1160 2326 1227 2386; x_wconf 89' lang='lat' dir='ltr'><strong>arte</strong></span> <span class='ocrx_word' id='word_1_98' title='bbox 1247 2321 1377 2405; x_wconf 82' lang='lat' dir='ltr'><strong>regendi</strong></span> 
     </span>
     <span class='ocr_line' id='line_1_15' title="bbox 477 2416 1368 2531; baseline -0.003 -20"><span class='ocrx_word' id='word_1_99' title='bbox 477 2446 626 2530; x_wconf 86' lang='lat' dir='ltr'><strong>Dictator,</strong></span> <span class='ocrx_word' id='word_1_100' title='bbox 648 2416 790 2512; x_wconf 70' lang='lat' dir='ltr'><strong>Trebiam</strong></span> <span class='ocrx_word' id='word_1_101' title='bbox 814 2452 846 2511; x_wconf 88' lang='lat' dir='ltr'><strong>et</strong></span> <span class='ocrx_word' id='word_1_102' title='bbox 866 2448 961 2512; x_wconf 77' lang='lat' dir='ltr'><strong>Tusci</strong></span> <span class='ocrx_word' id='word_1_103' title='bbox 983 2452 1053 2531; x_wconf 89' lang='lat' dir='ltr'><strong>post</strong></span> <span class='ocrx_word' id='word_1_104' title='bbox 1076 2453 1186 2531; x_wconf 86' lang='lat' dir='ltr'><strong>stagna</strong></span> <span class='ocrx_word' id='word_1_105' title='bbox 1209 2447 1368 2531; x_wconf 87' lang='lat' dir='ltr'><strong>profundi,</strong></span> 
     </span>
    </p>
   </div>
   <div class='ocr_carea' id='block_1_6' title="bbox 478 2571 1294 2765">
    <p class='ocr_par' dir='ltr' id='par_1_6' title="bbox 478 2571 1294 2765">
     <span class='ocr_line' id='line_1_16' title="bbox 478 2571 1294 2656; baseline -0.002 -20"><span class='ocrx_word' id='word_1_106' title='bbox 478 2572 572 2637; x_wconf 81' lang='lat' dir='ltr'><strong>Esset</strong></span> <span class='ocrx_word' id='word_1_107' title='bbox 593 2578 630 2636; x_wconf 89' lang='lat' dir='ltr'><strong>ut</strong></span> <span class='ocrx_word' id='word_1_108' title='bbox 652 2571 824 2636; x_wconf 87' lang='lat' dir='ltr'><strong>Hannibali</strong></span> <span class='ocrx_word' id='word_1_109' title='bbox 846 2571 980 2637; x_wconf 89' lang='lat' dir='ltr'><strong>Fabium</strong></span> <span class='ocrx_word' id='word_1_110' title='bbox 1002 2571 1209 2656; x_wconf 88' lang='lat' dir='ltr'><strong>Romanaque</strong></span> <span class='ocrx_word' id='word_1_111' title='bbox 1232 2572 1294 2637; x_wconf 90' lang='lat' dir='ltr'><strong>tela</strong></span> 
     </span>
     <span class='ocr_line' id='line_1_17' title="bbox 479 2697 1021 2765; baseline 0.002 -5"><span class='ocrx_word' id='word_1_112' title='bbox 479 2697 628 2765; x_wconf 84' lang='lat' dir='ltr'><strong>Evasisse</strong></span> <span class='ocrx_word' id='word_1_113' title='bbox 653 2699 738 2762; x_wconf 88' lang='lat' dir='ltr'><strong>satis.</strong></span> <span class='ocrx_word' id='word_1_114' title='bbox 1017 2698 1021 2704; x_wconf 86' lang='lat'>&#39;</span> 
     </span>
    </p>
   </div>
   <div class='ocr_carea' id='block_1_7' title="bbox 265 2859 1486 3824">
    <p class='ocr_par' dir='ltr' id='par_1_7' title="bbox 364 2859 1484 3571">
     <span class='ocr_line' id='line_1_18' title="bbox 372 2859 1481 2946; baseline -0.003 -21"><span class='ocrx_word' id='word_1_115' title='bbox 372 2875 373 2878; x_wconf 73' lang='grc'>’</span> <span class='ocrx_word' id='word_1_116' title='bbox 416 2859 616 2946; x_wconf 80' lang='lat' dir='ltr'><strong>Quantopere</strong></span> <span class='ocrx_word' id='word_1_117' title='bbox 645 2860 742 2925; x_wconf 83' lang='lat' dir='ltr'><strong>Silius</strong></span> <span class='ocrx_word' id='word_1_118' title='bbox 771 2881 789 2924; x_wconf 90' lang='lat' dir='ltr'><strong>a</strong></span> <span class='ocrx_word' id='word_1_119' title='bbox 819 2859 909 2924; x_wconf 87' lang='lat' dir='ltr'><strong>Livio</strong></span> <span class='ocrx_word' id='word_1_120' title='bbox 930 2860 1072 2944; x_wconf 80' lang='lat' dir='ltr'><strong>pendeat,</strong></span> <span class='ocrx_word' id='word_1_121' title='bbox 1095 2864 1131 2924; x_wconf 92' lang='lat' dir='ltr'><strong>ut</strong></span> <span class='ocrx_word' id='word_1_122' title='bbox 1154 2861 1223 2924; x_wconf 87' lang='lat' dir='ltr'><strong>eius</strong></span> <span class='ocrx_word' id='word_1_123' title='bbox 1246 2859 1342 2924; x_wconf 88' lang='lat' dir='ltr'><strong>verba</strong></span> <span class='ocrx_word' id='word_1_124' title='bbox 1362 2859 1481 2941; x_wconf 76' lang='lat' dir='ltr'><strong>reddat,</strong></span> 
     </span>
     <span class='ocr_line' id='line_1_19' title="bbox 364 2981 1482 3069; baseline -0.004 -16"><span class='ocrx_word' id='word_1_125' title='bbox 364 2981 466 3053; x_wconf 84' lang='lat' dir='ltr'><strong>&#39;etiam</strong></span> <span class='ocrx_word' id='word_1_126' title='bbox 490 2986 546 3052; x_wconf 89' lang='lat' dir='ltr'><strong>ubi</strong></span> <span class='ocrx_word' id='word_1_127' title='bbox 569 3006 643 3051; x_wconf 92' lang='lat' dir='ltr'><strong>eum</strong></span> <span class='ocrx_word' id='word_1_128' title='bbox 667 3006 732 3051; x_wconf 88' lang='lat' dir='ltr'><strong>non</strong></span> <span class='ocrx_word' id='word_1_129' title='bbox 757 2986 797 3050; x_wconf 92' lang='lat' dir='ltr'><strong>ad</strong></span> <span class='ocrx_word' id='word_1_130' title='bbox 816 2985 949 3050; x_wconf 86' lang='lat' dir='ltr'><strong>verbum</strong></span> <span class='ocrx_word' id='word_1_131' title='bbox 969 2990 1127 3069; x_wconf 90' lang='lat' dir='ltr'><strong>sequatur,</strong></span> <span class='ocrx_word' id='word_1_132' title='bbox 1146 2985 1199 3048; x_wconf 89' lang='lat' dir='ltr'><strong>hic</strong></span> <span class='ocrx_word' id='word_1_133' title='bbox 1215 2984 1305 3049; x_wconf 90' lang='lat' dir='ltr'><strong>locus</strong></span> <span class='ocrx_word' id='word_1_134' title='bbox 1317 2984 1482 3049; x_wconf 87' lang='lat' dir='ltr'><strong>manifeste</strong></span> 
     </span>
     <span class='ocr_line' id='line_1_20' title="bbox 374 3109 1483 3195; baseline -0.002 -18"><span class='ocrx_word' id='word_1_135' title='bbox 374 3113 517 3177; x_wconf 85' lang='lat' dir='ltr'><strong>ostendit.</strong></span> <span class='ocrx_word' id='word_1_136' title='bbox 546 3112 635 3177; x_wconf 90' lang='lat' dir='ltr'><strong>Haec</strong></span> <span class='ocrx_word' id='word_1_137' title='bbox 662 3113 818 3177; x_wconf 88' lang='lat' dir='ltr'><strong>sententia</strong></span> <span class='ocrx_word' id='word_1_138' title='bbox 849 3113 933 3175; x_wconf 88' lang='lat' dir='ltr'><strong>enim</strong></span> <span class='ocrx_word' id='word_1_139' title='bbox 965 3113 1037 3195; x_wconf 89' lang='lat' dir='ltr'><strong>quis</strong></span> <span class='ocrx_word' id='word_1_140' title='bbox 1060 3109 1190 3193; x_wconf 87' lang='lat' dir='ltr'><strong>dubitet,</strong></span> <span class='ocrx_word' id='word_1_141' title='bbox 1215 3112 1293 3195; x_wconf 92' lang='lat' dir='ltr'><strong>quin</strong></span> <span class='ocrx_word' id='word_1_142' title='bbox 1317 3112 1483 3195; x_wconf 90' lang='lat' dir='ltr'><strong>desumpta</strong></span> 
     </span>
     <span class='ocr_line' id='line_1_21' title="bbox 374 3235 1484 3318; baseline -0.004 -15"><span class='ocrx_word' id='word_1_143' title='bbox 374 3239 415 3303; x_wconf 88' lang='lat' dir='ltr'><strong>sit</strong></span> <span class='ocrx_word' id='word_1_144' title='bbox 448 3257 490 3302; x_wconf 84' lang='lat' dir='ltr'><strong>ex</strong></span> <span class='ocrx_word' id='word_1_145' title='bbox 520 3239 659 3301; x_wconf 90' lang='lat' dir='ltr'><strong>oratione</strong></span> <span class='ocrx_word' id='word_1_146' title='bbox 682 3237 772 3301; x_wconf 80' lang='lat' dir='ltr'><strong>Fabii</strong></span> <span class='ocrx_word' id='word_1_147' title='bbox 793 3237 832 3301; x_wconf 87' lang='lat' dir='ltr'><strong>ad</strong></span> <span class='ocrx_word' id='word_1_148' title='bbox 854 3235 1033 3300; x_wconf 84' lang='lat' dir='ltr'><strong>Minucium</strong></span> <span class='ocrx_word' id='word_1_149' title='bbox 1056 3235 1174 3318; x_wconf 85' lang='lat' dir='ltr'><strong>(XXII.</strong></span> <span class='ocrx_word' id='word_1_150' title='bbox 1200 3238 1250 3300; x_wconf 88' lang='lat'><strong>18.</strong></span> <span class='ocrx_word' id='word_1_151' title='bbox 1275 3237 1342 3318; x_wconf 69' lang='lat' dir='ltr'><strong>lot:</strong></span> <span class='ocrx_word' id='word_1_152' title='bbox 1372 3237 1484 3318; x_wconf 89' lang='lat' dir='ltr'><strong>„haud</strong></span> 
     </span>
     <span class='ocr_line' id='line_1_22' title="bbox 374 3361 1482 3448; baseline 0 -21"><span class='ocrx_word' id='word_1_153' title='bbox 374 3383 503 3448; x_wconf 88' lang='lat' dir='ltr'><strong>parvam</strong></span> <span class='ocrx_word' id='word_1_154' title='bbox 534 3382 600 3427; x_wconf 91' lang='lat' dir='ltr'><strong>rem</strong></span> <span class='ocrx_word' id='word_1_155' title='bbox 632 3381 701 3427; x_wconf 92' lang='lat' dir='ltr'><strong>esse</strong></span> <span class='ocrx_word' id='word_1_156' title='bbox 731 3361 769 3425; x_wconf 89' lang='lat' dir='ltr'><strong>ab</strong></span> <span class='ocrx_word' id='word_1_157' title='bbox 795 3363 910 3426; x_wconf 89' lang='lat' dir='ltr'><strong>totiens</strong></span> <span class='ocrx_word' id='word_1_158' title='bbox 932 3363 1051 3426; x_wconf 86' lang='lat' dir='ltr'><strong>victore</strong></span> <span class='ocrx_word' id='word_1_159' title='bbox 1072 3362 1162 3426; x_wconf 89' lang='lat' dir='ltr'><strong>hoste</strong></span> <span class='ocrx_word' id='word_1_160' title='bbox 1184 3363 1269 3424; x_wconf 82' lang='lat' dir='ltr'><strong>vinci</strong></span> <span class='ocrx_word' id='word_1_161' title='bbox 1293 3362 1420 3445; x_wconf 89' lang='lat' dir='ltr'><strong>desisse,</strong></span> <span class='ocrx_word' id='word_1_162' title='bbox 1443 3362 1482 3427; x_wconf 89' lang='lat' dir='ltr'><strong>ab</strong></span> 
     </span>
     <span class='ocr_line' id='line_1_23' title="bbox 375 3485 1481 3571; baseline -0.003 -17"><span class='ocrx_word' id='word_1_163' title='bbox 375 3489 534 3554; x_wconf 89' lang='lat' dir='ltr'><strong>continuis</strong></span> <span class='ocrx_word' id='word_1_164' title='bbox 557 3488 699 3552; x_wconf 88' lang='lat' dir='ltr'><strong>cladibus</strong></span> <span class='ocrx_word' id='word_1_165' title='bbox 722 3486 936 3571; x_wconf 80' lang='lat' dir='ltr'><strong>respirasse?”</strong></span> <span class='ocrx_word' id='word_1_166' title='bbox 960 3485 1057 3551; x_wconf 87' lang='lat' dir='ltr'><strong>Deest</strong></span> <span class='ocrx_word' id='word_1_167' title='bbox 1075 3489 1110 3550; x_wconf 90' lang='lat' dir='ltr'><strong>in</strong></span> <span class='ocrx_word' id='word_1_168' title='bbox 1121 3488 1270 3570; x_wconf 91' lang='lat' dir='ltr'><strong>oratione,</strong></span> <span class='ocrx_word' id='word_1_169' title='bbox 1282 3486 1481 3570; x_wconf 84' lang='lat' dir='ltr'><strong>quaeaSilio</strong></span> 
     </span>
    </p>

    <p class='ocr_par' dir='ltr' id='par_1_8' title="bbox 265 3584 1486 3824">
     <span class='ocr_line' id='line_1_24' title="bbox 265 3584 1058 3695; baseline -0.006 -16"><span class='ocrx_word' id='word_1_170' title='bbox 265 3584 268 3590; x_wconf 28' lang='lat'><strong><em>¹</em></strong></span> <span class='ocrx_word' id='word_1_171' title='bbox 377 3614 474 3679; x_wconf 80' lang='lat' dir='ltr'><strong>Fabio</strong></span> <span class='ocrx_word' id='word_1_172' title='bbox 495 3613 686 3695; x_wconf 79' lang='lat' dir='ltr'><strong>attribuitur,</strong></span> <span class='ocrx_word' id='word_1_173' title='bbox 709 3618 745 3676; x_wconf 90' lang='lat' dir='ltr'><strong>ut</strong></span> <span class='ocrx_word' id='word_1_174' title='bbox 766 3611 849 3676; x_wconf 83' lang='lat' dir='ltr'><strong>infra</strong></span> <span class='ocrx_word' id='word_1_175' title='bbox 871 3612 1058 3677; x_wconf 88' lang='lat' dir='ltr'><strong>videbimus.</strong></span> 
     </span>
     <span class='ocr_line' id='line_1_25' title="bbox 422 3737 1486 3824; baseline 0.001 -20"><span class='ocrx_word' id='word_1_176' title='bbox 422 3739 539 3804; x_wconf 80' lang='lat' dir='ltr'><strong>Castris</strong></span> <span class='ocrx_word' id='word_1_177' title='bbox 561 3740 595 3802; x_wconf 91' lang='lat' dir='ltr'><strong>in</strong></span> <span class='ocrx_word' id='word_1_178' title='bbox 617 3737 763 3803; x_wconf 84' lang='lat' dir='ltr'><strong>Larinate</strong></span> <span class='ocrx_word' id='word_1_179' title='bbox 784 3757 859 3823; x_wconf 85' lang='lat' dir='ltr'><strong>agro</strong></span> <span class='ocrx_word' id='word_1_180' title='bbox 883 3758 978 3824; x_wconf 91' lang='lat' dir='ltr'><strong>prope</strong></span> <span class='ocrx_word' id='word_1_181' title='bbox 998 3760 1016 3802; x_wconf 92' lang='lat' dir='ltr'><strong>a</strong></span> <span class='ocrx_word' id='word_1_182' title='bbox 1035 3739 1166 3804; x_wconf 90' lang='lat' dir='ltr'><strong>Punicis</strong></span> <span class='ocrx_word' id='word_1_183' title='bbox 1185 3741 1305 3824; x_wconf 90' lang='lat' dir='ltr'><strong>positis,</strong></span> <span class='ocrx_word' id='word_1_184' title='bbox 1325 3759 1486 3805; x_wconf 88' lang='lat' dir='ltr'><strong>sacrorum</strong></span> 
     </span>
    </p>
   </div>
   <div class='ocr_carea' id='block_1_8' title="bbox 353 4045 1488 4390">
    <p class='ocr_par' dir='ltr' id='par_1_9' title="bbox 353 4045 1488 4390">
     <span class='ocr_line' id='line_1_26' title="bbox 353 4045 1488 4116; baseline -0.004 -14"><span class='ocrx_word' id='word_1_185' title='bbox 353 4079 357 4086; x_wconf 92' lang='lat'><em>·</em></span> <span class='ocrx_word' id='word_1_186' title='bbox 415 4052 440 4115; x_wconf 89' lang='lat'><strong>1)</strong></span> <span class='ocrx_word' id='word_1_187' title='bbox 458 4049 559 4101; x_wconf 87' lang='lat' dir='ltr'><strong>Nomen</strong></span> <span class='ocrx_word' id='word_1_188' title='bbox 575 4049 643 4099; x_wconf 87' lang='lat' dir='ltr'><strong>idem</strong></span> <span class='ocrx_word' id='word_1_189' title='bbox 660 4049 770 4099; x_wconf 81' lang='lat' dir='ltr'><strong>occurrit</strong></span> <span class='ocrx_word' id='word_1_190' title='bbox 787 4049 831 4098; x_wconf 92' lang='lat' dir='ltr'><strong>Ill.</strong></span> <span class='ocrx_word' id='word_1_191' title='bbox 848 4045 905 4097; x_wconf 69' lang='lat'><strong>299.</strong></span> <span class='ocrx_word' id='word_1_192' title='bbox 925 4047 962 4098; x_wconf 82' lang='lat' dir='ltr'><strong>cf.</strong></span> <span class='ocrx_word' id='word_1_193' title='bbox 979 4047 1170 4112; x_wconf 86' lang='lat' dir='ltr'><strong>Schlichteisen‚</strong></span> <span class='ocrx_word' id='word_1_194' title='bbox 1188 4065 1212 4113; x_wconf 86' lang='lat' dir='ltr'><strong>p.</strong></span> <span class='ocrx_word' id='word_1_195' title='bbox 1228 4046 1269 4098; x_wconf 82' lang='lat'><strong>59.</strong></span> <span class='ocrx_word' id='word_1_196' title='bbox 1285 4047 1488 4116; x_wconf 75' lang='lat' dir='ltr'><strong>„Acherraidem</strong></span> 
     </span>
     <span class='ocr_line' id='line_1_27' title="bbox 380 4137 1488 4206; baseline -0.004 -14"><span class='ocrx_word' id='word_1_197' title='bbox 380 4142 446 4194; x_wconf 86' lang='lat' dir='ltr'><strong>valet</strong></span> <span class='ocrx_word' id='word_1_198' title='bbox 470 4145 548 4206; x_wconf 86' lang='lat' dir='ltr'><strong>atque</strong></span> <span class='ocrx_word' id='word_1_199' title='bbox 572 4140 704 4200; x_wconf 76' lang='lat' dir='ltr'><strong>Acherras,</strong></span> <span class='ocrx_word' id='word_1_200' title='bbox 727 4139 795 4203; x_wconf 92' lang='lat' dir='ltr'><strong>quod</strong></span> <span class='ocrx_word' id='word_1_201' title='bbox 818 4139 846 4189; x_wconf 91' lang='lat' dir='ltr'><strong>in</strong></span> <span class='ocrx_word' id='word_1_202' title='bbox 869 4139 952 4189; x_wconf 86' lang='lat' dir='ltr'><strong>indice</strong></span> <span class='ocrx_word' id='word_1_203' title='bbox 973 4153 1064 4204; x_wconf 79' lang='lat' dir='ltr'><strong>regum</strong></span> <span class='ocrx_word' id='word_1_204' title='bbox 1082 4137 1264 4204; x_wconf 77' lang='lat' dir='ltr'><strong>Aegyptiorum</strong></span> <span class='ocrx_word' id='word_1_205' title='bbox 1282 4139 1314 4189; x_wconf 81' lang='lat' dir='ltr'><strong>ab</strong></span> <span class='ocrx_word' id='word_1_206' title='bbox 1333 4138 1488 4204; x_wconf 76' lang='lat' dir='ltr'><strong>Hieronymo</strong></span> 
     </span>
     <span class='ocr_line' id='line_1_28' title="bbox 380 4228 1488 4298; baseline -0.005 -13"><span class='ocrx_word' id='word_1_207' title='bbox 380 4235 460 4285; x_wconf 84' lang='lat' dir='ltr'><strong>relato</strong></span> <span class='ocrx_word' id='word_1_208' title='bbox 476 4237 566 4284; x_wconf 82' lang='lat' dir='ltr'><strong>exstat.</strong></span> <span class='ocrx_word' id='word_1_209' title='bbox 584 4232 632 4298; x_wconf 84' lang='lat' dir='ltr'><strong>(Gt.</strong></span> <span class='ocrx_word' id='word_1_210' title='bbox 649 4231 752 4281; x_wconf 87' lang='lat' dir='ltr'><strong>Eusebii</strong></span> <span class='ocrx_word' id='word_1_211' title='bbox 769 4231 913 4282; x_wconf 80' lang='lat' dir='ltr'><strong>chronicon</strong></span> <span class='ocrx_word' id='word_1_212' title='bbox 929 4231 978 4280; x_wconf 83' lang='lat' dir='ltr'><strong>vol.</strong></span> <span class='ocrx_word' id='word_1_213' title='bbox 995 4229 1023 4294; x_wconf 85' lang='lat' dir='ltr'><strong>l„</strong></span> <span class='ocrx_word' id='word_1_214' title='bbox 1033 4231 1138 4294; x_wconf 86' lang='lat' dir='ltr'><strong>append.</strong></span> <span class='ocrx_word' id='word_1_215' title='bbox 1156 4246 1180 4295; x_wconf 91' lang='lat' dir='ltr'><strong>p.</strong></span> <span class='ocrx_word' id='word_1_216' title='bbox 1196 4228 1266 4295; x_wconf 85' lang='lat'><strong>33).”</strong></span> <span class='ocrx_word' id='word_1_217' title='bbox 1284 4246 1309 4296; x_wconf 95' lang='lat' dir='ltr'><strong>p.</strong></span> <span class='ocrx_word' id='word_1_218' title='bbox 1317 4228 1358 4280; x_wconf 87' lang='lat'><strong>57.</strong></span> <span class='ocrx_word' id='word_1_219' title='bbox 1367 4229 1488 4280; x_wconf 81' lang='lat' dir='ltr'><strong>Marnxan</strong></span> 
     </span>
     <span class='ocr_line' id='line_1_29' title="bbox 380 4322 1096 4390; baseline -0.006 -16"><span class='ocrx_word' id='word_1_220' title='bbox 380 4325 441 4375; x_wconf 87' lang='lat' dir='ltr'><strong>dicit</strong></span> <span class='ocrx_word' id='word_1_221' title='bbox 457 4339 537 4390; x_wconf 85' lang='lat' dir='ltr'><strong>aeque</strong></span> <span class='ocrx_word' id='word_1_222' title='bbox 553 4329 631 4388; x_wconf 84' lang='lat' dir='ltr'><strong>atque</strong></span> <span class='ocrx_word' id='word_1_223' title='bbox 648 4322 787 4373; x_wconf 83' lang='lat' dir='ltr'><strong>Acherram</strong></span> <span class='ocrx_word' id='word_1_224' title='bbox 805 4323 882 4384; x_wconf 78' lang='grc' dir='ltr'><strong>κωφὸν</strong></span> <span class='ocrx_word' id='word_1_225' title='bbox 899 4324 1018 4382; x_wconf 71' lang='grc' dir='ltr'><strong>πρόσωπον</strong></span> <span class='ocrx_word' id='word_1_226' title='bbox 1034 4335 1096 4372; x_wconf 86' lang='lat' dir='ltr'><strong>esse.</strong></span> 
     </span>
    </p>
   </div>
   <div class='ocr_carea' id='block_1_9' title="bbox 0 0 1712 5109">
    <p class='ocr_par' dir='ltr' id='par_1_10' title="bbox 0 0 1712 5109">
     <span class='ocr_line' id='line_1_30' title="bbox 0 0 1712 5109; baseline 0 0"><span class='ocrx_word' id='word_1_227' title='bbox 0 0 1712 5109; x_wconf 95' lang='lat' dir='ltr'><strong> </strong></span> 
     </span>
    </p>
   </div>
  </div>
 </body>
</html>
