3364 5118
749 591 791 653 29

208 803 286 866 dem
319 800 453 886 Angabe
487 801 575 864 einer
608 799 693 863 alten
722 798 902 862 romischen
927 795 1047 879 Quclle,
1072 796 1123 861 die
1149 796 1199 860 die
1221 794 1326 859 Route

209 925 398 990 Hannibal’s
427 925 516 988 nicht
546 944 652 1008 genau
674 924 802 1006 kannte,
826 925 871 986 sie
895 923 965 985 eine
986 921 1054 985 Zeit
1075 921 1150 1004 lang
1172 941 1230 985 aus
1253 920 1324 988 dem

208 1053 302 1136 Auge
325 1051 439 1133 verlor,
461 1049 527 1114 und
549 1048 739 1113 Hannibal’s
763 1047 848 1132 Spur
870 1053 933 1112 erst
952 1049 986 1111 in
1005 1045 1197 1131 Campanien
1209 1047 1326 1110 wieder

208 1175 403 1241 entdeclrte.”

253 1300 364 1377 Quem
378 1307 517 1366 veterem
539 1301 632 1365 illum
653 1301 773 1365 fontem
795 1299 974 1363 Romanum
994 1298 1093 1363 fuisse
1113 1304 1248 1381 censeat,
1260 1317 1324 1362 non

207 1427 336 1491 addidit.
359 1427 445 1491 Num
469 1426 604 1491 Fabium
628 1426 794 1508 Pictorem,
819 1445 915 1510 quem
933 1427 968 1488 in
990 1425 1138 1489 omnibus
1158 1423 1324 1489 rebusHa·

207 1552 311 1616 bianis
335 1554 536 1638 potissimum
559 1552 628 1616 Silii
650 1558 811 1617 auctorem
833 1552 941 1634 fuisse,
961 1551 1082 1634 ubique
1099 1550 1231 1635 probare
1250 1569 1325 1613 con·

207 1679 332 1742 tendit?
368 1676 468 1754 Quem
500 1678 560 1742 hoc
589 1679 658 1742 loco
688 1678 844 1762 appellare
867 1697 926 1741 cur
946 1677 1178 1758 Heynacherus
1201 1675 1324 1740 dubita-

207 1804 297 1886 verit,
318 1802 467 1866 facillime
489 1802 625 1887 intelligi
648 1807 758 1886 potest.
782 1803 836 1865 An
859 1801 1008 1866 credibile
1031 1807 1087 1884 est
1107 1801 1274 1884 Pictorem,
1293 1806 1325 1865 et

211 1927 308 1992 rebus
338 1929 473 1992 narratis
505 1928 678 2011 aequalem,
700 1932 731 1992 et
753 1929 855 2012 ipsius
878 1926 1076 1992 Cunctatoris
1099 1929 1324 2011 propinquum,

208 2056 254 2119 ita
283 2055 405 2119 itineris
433 2056 582 2139 ignarum
604 2053 712 2137 fuisse,
736 2058 772 2119 ut
794 2053 1007 2117 Hannibalem
1030 2059 1115 2118 recta
1136 2055 1171 2116 in
1195 2052 1326 2137 Campa·

211 2184 298 2245 niam
333 2182 533 2247 contendisse
566 2181 708 2266 fingeret,
740 2200 840 2265 quum
871 2200 912 2245 ox
942 2180 1101 2245 historicis
1124 2185 1247 2246 constet
1268 2199 1326 2264 per

208 2308 360 2392 Apuliam
382 2309 417 2370 in
441 2305 644 2391 Campaniam
668 2327 741 2371 eum
765 2307 971 2391 pervenisse?

252 2432 340 2509 Quae
362 2453 413 2498 res
435 2437 558 2517 poetam
583 2433 748 2496 induxerit
770 2434 809 2497 ad
832 2434 892 2497 iter
914 2430 1115 2513 Hannibalis,
1140 2432 1223 2496 sicut
1240 2431 1324 2514 fecit,

211 2559 464 2641 describendum,
494 2558 618 2623 nescire
648 2577 699 2622 me
720 2558 828 2641 fateor,
850 2559 913 2622 nisi
935 2558 1015 2622 forte
1037 2559 1114 2621 haec
1137 2577 1233 2621 causa
1255 2557 1324 2641 fuit,

209 2684 293 2767 quod
328 2684 424 2748 rebus
455 2684 500 2748 sic
530 2684 665 2747 narratis
696 2685 818 2747 occasio
840 2683 901 2748 sibi
925 2684 1061 2765 daretur,
1085 2683 1218 2747 carmini
1240 2684 1324 2747 inse-

206 2811 296 2874 rendi
331 2811 508 2895 episodium
538 2810 618 2874 illud
651 2811 690 2875 de
719 2811 836 2895 templo
867 2785 1046 2876 liternensi
1071 2811 1110 2875 ab
1139 2811 1322 2877 Hannibale

207 2937 372 3001 combusto
385 2937 416 3019 1).
439 2935 563 3002 Deinde
584 2956 692 3001 rerum
716 2936 826 3000 ordine
849 2943 985 3019 coactus,
1008 2942 1225 3003 transeuntem
1250 2958 1322 3003 eum

205 3063 240 3124 in
274 3063 424 3146 Apuliam
460 3062 561 3146 fingit,
592 3063 678 3127 unde
706 3062 824 3127 frustra
853 3062 950 3127 Fabio
981 3067 1141 3148 temptato,
1169 3063 1324 3129 Romanis

207 3189 414 3272 sequentibus
436 3190 471 3252 in
495 3188 699 3273 Campaniam
719 3190 802 3253 redit
825 3191 898 3271 (vss.
925 3189 996 3252 157.
1023 3190 1105 3271 158).

249 3314 367 3379 Mirum
380 3318 455 3391 erat,
465 3316 492 3379 si
503 3316 537 3378 in
549 3315 645 3379 rebus
656 3316 754 3399 gestis
762 3314 928 3379 narrandis
937 3314 1036 3378 aliurn
1046 3315 1205 3398 quendam
1214 3319 1322 3379 aucto-

203 3460 271 3504 rem
294 3446 433 3524 secutus,
451 3440 534 3504 Livii
553 3446 662 3505 contra
682 3440 778 3504 verba
797 3442 939 3505 imitatus
959 3445 1059 3520 esset3
1079 3441 1166 3525 quod
1185 3460 1259 3505 eum
1277 3440 1323 3506 fe·

205 3567 294 3649 cisse,
314 3587 410 3650 supra
428 3567 576 3651 pluribus
597 3568 752 3651 exemplis
770 3566 905 3651 probare
923 3573 1056 3632 conatus
1069 3587 1149 3632 sum.
1161 3566 1322 3651 Disquisi-

205 3693 300 3756 tionis
324 3711 398 3777 ergo
421 3712 546 3756 summa
568 3693 646 3756 haec
668 3697 724 3775 est,
743 3712 932 3777 persuasum
953 3693 1031 3756 mihi
1050 3712 1128 3773 esse,
1141 3692 1254 3757 Silium
1265 3712 1323 3776 per

204 3818 429 3903 negligentiam
451 3836 493 3881 ex
511 3837 576 3882 uno
587 3817 779 3883 Hannibalis
790 3821 970 3902 itinereper
981 3818 1133 3902 Apuliam
1144 3819 1178 3880 in
1191 3816 1323 3902 Campa-

204 3946 290 4009 niam
311 3945 374 4010 duo
395 3943 516 4026 fecisse,
528 3945 581 4007 cui
593 3945 700 4026 errori,
712 3946 746 4007 in
759 3949 851 4028 poeta
862 3945 993 4007 minime
1006 3943 1119 4006 acriter
1130 3944 1321 4028 castiganda

139 4117 144 4127 .
203 4072 360 4136 immerito
390 4070 486 4135 fidem
518 4070 680 4154 quandam
707 4071 889 4134 historicam
913 4069 1058 4134 tribuerit
1081 4069 1320 4151 Heynacherus.

206 4237 350 4249 ’—

239 4340 264 4404 1)
283 4340 327 4392 Sil.
342 4340 386 4394 Vl.
403 4337 547 4392 653-716.
