3364 5118
277 2241 334 2308 Est
357 2243 553 2308 eonsuetudo
576 2261 694 2320 eorum,
717 2243 773 2325 qui
797 2242 835 2306 de
857 2242 963 2325 aliquo
984 2243 1134 2324 scriptore
1156 2241 1348 2325 disputaturi

233 2374 317 2452 sunt,
340 2375 377 2434 ut
398 2371 655 2434 commentationi
675 2387 775 2452 pauoa
793 2369 1003 2451 praemittant,
1023 2386 1105 2450 quae
1125 2366 1164 2430 de
1185 2366 1347 2430 vitaillius

232 2495 363 2559 lectores
394 2495 552 2559 edooeant.
583 2493 697 2577 Neque
728 2513 785 2578 ego
815 2495 913 2576 igitur
945 2492 983 2556 ab
1009 2512 1102 2576 opere
1124 2495 1250 2575 inoepto
1274 2494 1348 2556 alie-

233 2641 311 2685 num
335 2623 454 2705 putavi,
476 2622 662 2704 priusquam
686 2619 726 2682 ad
748 2621 859 2702 ipsam,
884 2639 979 2702 quam
1004 2619 1081 2681 mihi
1104 2620 1349 2701 proposuissem,

235 2748 452 2829 quaestionem
484 2745 679 2808 tractandam
703 2745 892 2825 accederem,
917 2743 956 2806 ad
979 2763 1088 2826 pauca,
1114 2763 1195 2826 quae
1219 2743 1258 2807 de
1281 2743 1350 2807 Silii
1403 2754 1407 2762 ·

234 2872 300 2933 vita
321 2870 501 2933 testimonia
524 2868 563 2932 ad
583 2888 641 2932 nos
658 2873 880 2951 pervenerunt,
892 2868 1046 2932 lectorum
1059 2868 1181 2931 animos
1194 2886 1349 2931 revocare.

280 2992 312 3056 O.
343 2979 411 3056 Silii
439 2993 645 3057 ltalieiaetas
668 2993 834 3056 inciditis
859 2993 892 3056 id
917 2999 1138 3075 tempusque
1162 2993 1265 3075 poesis
1288 2992 1351 3055 Ro-

234 3139 328 3182 mana
347 3118 527 3182 decreverat
546 3123 641 3200 atque
660 3118 805 3182 umbram
826 3118 1214 3201 tantummodopristinae
1232 3119 1351 3202 gloriae

235 3245 412 3330 praebebat,
446 3250 482 3308 ut
514 3245 604 3308 faoile
638 3245 826 3328 intelligitur
859 3264 901 3308 ex
935 3245 1045 3309 oeteris
1074 3245 1215 3309 eiusdem
1242 3247 1352 3310 aetatis

235 3373 344 3454 poetis,
374 3371 501 3435 Valerio
531 3370 653 3453 lllaoeo,
675 3371 808 3456 Papinio
836 3371 944 3452 Statio,
968 3372 1100 3436 Annaeo
1123 3371 1261 3453 Lueano,
1286 3374 1351 3455 qui,

238 3497 333 3560 salvis
355 3499 465 3581 paucis
486 3497 573 3580 loeis,
592 3517 637 3579 ea,
657 3518 721 3580 qua
740 3496 824 3580 apud
836 3483 1014 3580 Vergilium
1034 3496 1234 3578 delectamur,
1247 3498 1353 3559 nativa

238 3622 392 3685 suavitate
414 3643 545 3706 prorsus
568 3628 684 3704 earent,
707 3642 744 3686 ao
766 3623 872 3706 potius
894 3621 1094 3686 artificiosam
1117 3623 1276 3705 quandam
1298 3622 1352 3686 do-

238 3746 356 3809 etrinae
383 3749 624 3812 ostentationem
647 3767 721 3831 prae
745 3767 782 3821 se
801 3747 925 3823 ferunt3
950 3749 1042 3811 euius
1065 3749 1111 3812 rei
1133 3751 1217 3812 inter
1240 3767 1352 3811 causas

236 3871 322 3936 haud
350 3875 514 3936 minimam
542 3873 642 3938 fuisse
664 3875 757 3938 oredo
780 3876 929 3939 amissam
952 3874 1137 3956 libertatern,
1162 3895 1226 3958 qua
1249 3875 1352 3938 omnis

236 3998 365 4062 liberior
387 4000 508 4083 ingenii
530 4005 635 4064 motus
658 3999 898 4083 impediebatur.
1413 4090 1415 4094 ,

282 4123 313 4187 O.
338 4124 436 4190 Silius
458 4125 589 4189 Italieus
612 4130 706 4188 natus
730 4127 779 4190 est
800 4145 883 4189 anno
908 4127 949 4188 25
972 4146 1001 4209 p.
1025 4124 1097 4190 Chr.
1118 4146 1157 4207 n,
1176 4125 1219 4188 M.
1240 4126 1353 4190 Asinio

236 4248 387 4332 Agrippa,
414 4248 511 4313 Cosso
543 4248 687 4313 Cornelio
718 4249 853 4314 Lentulo
885 4249 972 4314 Coss.
1003 4249 1051 4315 De
1076 4251 1155 4332 loeo,
1178 4250 1235 4314 ubi
1258 4255 1353 4314 natus

237 4378 295 4457 est,
325 4393 391 4438 non
421 4377 499 4438 satis
529 4380 660 4440 oonstat.
691 4376 757 4439 Alii
783 4376 896 4440 volunt
925 4378 1058 4462 patriam
1082 4379 1150 4442 eius
1174 4397 1244 4442 esse
1267 4378 1353 4442 Itali·

1238 4501 1253 4550 1
