3360 5116
835 935 907 993 XII.

357 1116 425 1179 Tac.
449 1117 534 1178 Ann.
558 1113 647 1178 XIV.
673 1117 708 1176 5:

356 1242 531 1304 Acerronia
553 1258 650 1322 super
671 1239 768 1322 pedes
791 1207 962 1301 cubitantis
982 1237 1109 1301 reclinis
1129 1238 1352 1321 paenitentiam
1374 1237 1431 1300 filii

313 1370 345 1429 et
366 1366 570 1449 reciperatam
595 1364 705 1426 matris
728 1364 863 1446 gratiam
885 1381 941 1445 per
960 1363 1116 1445 gaudium
1135 1361 1338 1444 memorabat,
1358 1381 1431 1426 cum

313 1489 385 1553 dato
411 1490 502 1572 signo
525 1507 618 1579 ruore
641 1492 762 1551 teotum
784 1487 869 1550 looi
893 1486 994 1550 multo
1016 1486 1148 1570 plumbo
1170 1471 1288 1570 grave.⁸

360 1613 590 1697 Corrigendum
614 1619 678 1677 est:
702 1614 813 1677 teeti.

831 1872 919 1929 XIII.

360 2052 429 2115 Teo.
453 2053 537 2115 Ano.
561 2049 651 2113 XIV.
678 2051 735 2114 10:

362 2178 498 2262 Reliquo
522 2178 624 2240 nootis
647 2177 742 2240 modo
764 2195 821 2260 per
838 2177 998 2240 silentium
1020 2175 1154 2258 defixus,
1175 2177 1301 2260 saepius
1320 2194 1437 2259 pavore

320 2321 506 2386 exsurgenS,
538 2306 569 2366 et
603 2301 720 2366 mentis
749 2302 870 2386 inops
900 2301 1005 2366 luoem
1028 2301 1250 2386 opperiebatur
1272 2306 1435 2384 tamquam

314 2430 451 2492 exitium
476 2428 660 2492 adlaturam.

364 2553 550 2638 Legendum
572 2554 715 2617 videtur:
740 2555 880 2637 impos.

834 2813 920 2872 XIV.

232 3075 236 3082 .
363 2991 432 3054 Tae.
458 2993 541 3054 Ann.
566 2992 638 3055 XV.
664 2993 722 3056 70:

367 3117 499 3180 Senecio
521 3118 652 3201 posthae
675 3123 706 3181 et
727 3116 921 3193 Quintianus
945 3125 976 3184 et
995 3120 1168 3184 Scaevinus
1188 3140 1253 3184 non
1271 3141 1313 3186 ex
1332 3123 1436 3205 priore

320 3243 404 3305 vitae
427 3242 567 3324 mollitia,
590 3262 667 3306 mox
691 3243 807 3326 reliqui
830 3247 1066 3309 eonIuratorum
1091 3248 1220 3329 periere,
1245 3247 1333 3311 nullo
1356 3248 1438 3312 facto

319 3368 765 3433 diotovememorando.
1180 3351 1183 3357 ⁴

363 3494 610 3558 Emendandum
633 3499 695 3558 est:
721 3495 1012 3560 memorandi.

845 3753 913 3812 XV.

364 3957 472 4021 Horat.
497 3957 598 4038 Satyr.
621 3957 662 4020 II.
689 3959 716 4020 3.
742 3960 823 4021 238:
881 4041 884 4050 ,

452 4082 550 4146 Sume
574 4083 631 4146 tibi
656 4082 768 4164 demea,
791 4083 849 4147 tibi
871 4083 1076 4163 tantundem3
1101 4084 1158 4147 tibi
1182 4085 1298 4168 triplex

451 4207 545 4271 Unde
567 4227 651 4271 uxor
676 4208 780 4272 media
802 4210 956 4273 ourrit
979 4208 1017 4272 de
1041 4213 1132 4273 noete
1155 4216 1273 4274 vocata.

363 4331 516 4419 Legatur:
540 4339 707 4398 currat
