3364 5118
751 633 791 694 19

214 863 250 908 eo
273 843 435 907 dictarum.
459 842 548 905 Fabii
571 843 656 905 enim
679 843 843 924 ingenium
868 846 1105 924 expromentem
1125 841 1249 904 inducit
1267 839 1329 904 Oil-
1401 878 1405 886 -

212 970 303 1032 nium
347 969 505 1052 quendam
544 969 740 1050 Arretinum,
775 986 892 1031 nomen
926 986 968 1031 ex
1001 968 1142 1050 Augusti
1176 968 1328 1051 prinoipIs

214 1095 345 1158 historia
373 1096 449 1158 s'atis
474 1113 632 1177 superque
654 1099 776 1176 notum,
800 1093 856 1157 sed
880 1093 965 1176 quod
988 1093 1073 1176 apud
1096 1099 1252 1175 auctores,
1274 1095 1331 1176 qui

216 1223 254 1286 de
276 1222 399 1286 Punico
422 1221 504 1284 bello
528 1221 668 1284 secundo
692 1222 894 1304 scripserunt
919 1240 1081 1303 nusquam
1103 1223 1249 1284 occurrit.

260 1347 346 1411 Solet
368 1352 468 1431 po'e'ta,
492 1353 528 1410 ut
550 1353 582 1410 ot
604 1346 679 1409 alibi
698 1353 834 1430 apparet,
854 1348 985 1410 nomiae
996 1341 1148 1430 virorum,
1161 1349 1217 1430 qui
1229 1348 1331 1431 quali-

215 1492 344 1556 cunque
374 1474 467 1537 modo
500 1473 586 1536 dorni
617 1473 810 1555 militineque
840 1474 951 1536 ceteris
975 1473 1146 1556 aliquando
1169 1475 1332 1556 praestite-

215 1605 300 1681 runt,
334 1601 385 1663 sui
419 1600 567 1663 carminis
596 1600 740 1682 personis
770 1598 891 1680 indere,
914 1600 981 1662 sive
1012 1619 1075 1682 quo
1098 1598 1330 1682 praeclarorum

216 1726 382 1788 hominurn
406 1726 703 1789 commemoratione
725 1725 820 1788 rebus
843 1746 862 1788 a
882 1745 916 1788 se
935 1728 1069 1789 narratIs
1082 1728 1221 1810 gravitas
1235 1746 1332 1810 quae·

220 1852 292 1915 dam
323 1851 466 1933 addatur,
491 1853 566 1946 sive
582 1851 668 1934 quod
692 1870 728 1914 eo
751 1852 884 1933 gratiam
908 1852 989 1914 inire
1012 1851 1088 1914 velit
1110 1852 1195 1935 apud
1218 1872 1334 1935 aequa-

217 1976 271 2040 Ies.
304 1975 429 2040 Passim
458 1976 554 2039 huius
584 1977 631 2039 rei
661 1976 806 2059 exempla
837 1982 1016 2040 occurrunt.
1041 1976 1093 2040 Sic
1116 1984 1332 2042 memorantur
1362 2035 1365 2040 .

122 2189 123 2194 ἵ
218 2103 432 2187 laudibusque
451 2103 626 2167 efferuntur
644 2102 769 2166 Ennius
782 2102 817 2184 ¹),
834 2101 958 2166 Tullius
971 2104 1002 2184 2),
1022 2103 1183 2167 Pedianus
1196 2103 1229 2186 ³),
1242 2103 1333 2168 Scae

218 2227 336 2310 v01a4),
359 2229 421 2292 alii.

264 2355 381 2438 Neque,
419 2355 478 2417 hoo
513 2354 617 2418 solum
657 2354 791 2417 adduxit
824 2372 884 2436 me,
919 2359 955 2416 ut
988 2354 1156 2436 crederem,
1189 2355 1249 2418 hoc
1281 2374 1338 2437 pro

222 2486 335 2544 ornatu
366 2482 454 2563 epico
481 2479 662 2543 habendum
686 2498 763 2560 esse,
785 2479 841 2543 sed
865 2482 959 2543 etiam
983 2479 1087 2561 verba,
1111 2480 1227 2563 quibus
1249 2481 1337 2543 Han-

212 2607 319 2670 nibali
354 2605 477 2670 Cilnius
509 2606 679 2689 respondit.
713 2605 820 2668 Prima
851 2606 956 2688 verba,
985 2608 1013 2670 si
1034 2607 1129 2690 paulo
1154 2607 1337 2690 diligentius

221 2735 408 2816 inspexeris,
437 2733 574 2815 reperies
605 2732 789 2814 deprompta
813 2750 882 2794 esse
906 2750 923 2795 e
946 2730 1036 2794 Livio
1051 2733 1090 2811 5):
1119 2734 1240 2812 ,tacita
1262 2753 1338 2797 cura

222 2860 366 2922 animum
399 2859 537 2938 incessit,
571 2858 656 2940 quod
689 2877 764 2920 cum
795 2856 875 2920 duce
906 2857 1152 2940 haudquaquam
1179 2857 1337 2921 Flaminio

223 2983 473 3068 Sempronioque
507 2984 603 3048 simili
635 2983 743 3047 futura
777 2983 838 3047 sibi
868 3001 918 3047 res
942 2990 1033 3065 esset,
1056 3004 1091 3047 ac
1114 2990 1183 3048 tum
1208 2985 1338 3048 demum

224 3110 326 3174 edocti
347 3109 447 3172 ¹malis
476 3108 612 3171 Romani
642 3128 751 3192 parem
776 3108 950 3172 Hannibali
974 3110 1086 3172 ducem
1110 3108 1340 3192 quaesissent‘',

224 3235 417 3319 quibuscum
440 3234 545 3298 verbis
568 3235 684 3316 optime
707 3234 863 3317 quadrant
886 3233 1022 3297 Siliana:

272 3410 346 3474 VII.
371 3411 420 3472 34.
451 3409 524 3473 Non
549 3429 621 3472 cum
647 3408 802 3472 FlamInio
825 3407 883 3471 tibi
905 3427 965 3491 res,
986 3427 1046 3472 nec
1067 3408 1187 3472 fervida
1212 3408 1344 3472 Gracchi

448 3534 486 3598 In
510 3534 657 3598 menibus
680 3533 833 3614 consulta,
855 3534 962 3616 iuquit
985 3571 1025 3579 -
1050 3571 1091 3580 —

277 3712 372 3776 Iuvat
397 3717 514 3796 potitae,
536 3711 632 3776 verba
655 3716 687 3774 et
709 3711 844 3794 cogitata
865 3710 950 3793 apud
971 3711 1138 3775 historicos
1160 3712 1194 3773 in
1218 3712 1347 3774 univer-

261 4009 289 4075 1)
307 4009 365 4073 ΧΗ,
380 4007 430 4060 393
439 4024 495 4074 sqq.

262 4100 289 4158 2)
308 4102 376 4165 VIII,
393 4100 507 4166 Ibdsqq.
526 4100 583 4164 IIII,
599 4098 656 4148 175.

262 4191 290 4258 3)
309 4193 366 4256 XII,
384 4192 441 4243 212.

263 4285 290 4351 4)
308 4286 376 4348 VIII,
392 4283 507 4349 384sqq.
524 4283 569 4347 IX,
586 4280 644 4331 372.

264 4376 291 4442 5)
312 4377 391 4440 XXII,
408 4375 449 4439 ta,
466 4375 491 4427 5.
