3364 5118
920 610 962 672 34

378 821 441 884 iam
473 837 570 903 supra
594 817 777 898 memoravi)
801 815 915 880 Silium
938 817 1063 900 saepius
1088 820 1151 899 aut,
1175 815 1230 880 ubi
1254 817 1338 901 apud
1361 815 1488 881 Livium

381 946 478 1008 oratio
501 944 634 1028 legatur,
657 961 727 1006 earn
750 942 903 1024 omisisse,
926 945 982 1005 aut
1004 940 1060 1005 ubi
1082 941 1136 1006 ille
1156 961 1221 1016 non
1240 941 1361 1025 habeat,
1381 943 1489 1007 desuo

346 1157 349 1166 ὁ
380 1071 522 1153 finxisse,
555 1089 596 1134 ne
629 1071 662 1132 in
698 1067 845 1132 omnibus
880 1066 976 1156 rebus
1010 1066 1049 1130 ab
1082 1078 1121 1130 eo
1154 1067 1291 1151 pendere
1322 1067 1488 1131 videretur.

379 1197 487 1279 Porro,
510 1196 594 1279 quod
617 1194 703 1258 haud
723 1194 851 1258 levioris
873 1195 1025 1256 momenti
1047 1197 1095 1258 est
1118 1193 1158 1256 ad
1176 1199 1399 1277 argumentum
1409 1194 1488 1258 illud

378 1320 641 1406 redarguendum,
669 1321 744 1382 citat
772 1318 876 1382 Peteri
906 1319 1122 1381 testimonium
1135 1314 1167 1400 ¹),
1199 1319 1255 1401 qui
1287 1318 1488 1401 demonstrat,

380 1446 505 1510 nullum
527 1445 709 1528 scriptorem
729 1447 802 1506 ante
821 1441 963 1506 Coelium
975 1443 1189 1526 Antipatrum,
1202 1460 1296 1524 quem
1308 1442 1489 1506 adhibuisse

380 1571 492 1636 Silium
522 1569 751 1650 Heynaoherus
787 1551 852 1631 nou
882 1587 946 1631 uno
976 1567 1045 1661 loco
1076 1568 1353 1632 vehementissime
1386 1572 1488 1652 negat,

379 1698 541 1761 historiam
566 1692 759 1758 orationibus
782 1692 906 1756 ficticiis
929 1711 1108 1757 cremasse.

424 1821 535 1886 Silium
572 1824 676 1884 autem
711 1819 776 1883 fere
810 1839 941 1902 semper,
975 1821 1070 1883 etiam
1100 1819 1156 1884 ubi
1187 1819 1225 1882 ab
1257 1839 1293 1883 eo
1326 1820 1493 1904 discrepet,

378 1945 505 2010 Livium
530 1949 602 2008 ante
626 1944 734 2008 oculos
756 1942 906 2008 habuisse
924 1945 1022 2007 oratio
1041 1943 1131 2007 Fabii
1152 1944 1250 2026 docet,
1269 1945 1353 2029 apud
1374 1943 1488 2008 Silium

378 2071 500 2152 tradita,
536 2070 620 2153 quod
651 2071 679 2134 si
709 2069 833 2133 Bauero
866 2071 899 2131 in
934 2073 1072 2133 mentem
1106 2070 1254 2151 venisset,
1283 2089 1348 2133 non
1379 2069 1489 2134 dubito

380 2173 457 2281 quin
492 2197 695 2280 ascripsisset.
731 2194 879 2259 Conferas
910 2195 1002 2258 modo
1033 2195 1090 2258 hos
1119 2194 1206 2258 locos
1237 2194 1307 2259 Silii
1338 2200 1369 2260 et
1397 2194 1489 2278 Livii,
1605 2210 1607 2214 ·

379 2324 444 2407 qui,
467 2323 526 2386 etsi
549 2322 619 2385 aliis
640 2321 754 2403 verbis,
779 2320 888 2385 eadem
910 2321 1044 2404 cogitata
1068 2321 1238 2385 continent.

423 2470 476 2535 Sil.
500 2469 572 2532 VH.
596 2471 677 2533 233:

466 2595 547 2678 Una,
568 2599 606 2658 ut
628 2593 770 2676 debellet,
793 2595 868 2658 satis
892 2598 939 2657 est
960 2594 1092 2657 victoria
1113 2593 1232 2657 Poeno.

378 2721 451 2784 241.
466 2720 625 2784 Fortunae
646 2689 744 2800 Libys
767 2719 931 2802 incumbit,
954 2718 1097 2803 flatuque
1119 2720 1259 2783 secundo

465 2844 549 2908 Fidit
571 2862 667 2928 agens
689 2845 829 2928 puppim.

421 2993 487 3058 Liu
517 2992 625 3056 XXH.
658 2993 708 3055 25.
741 2992 780 3054 12
805 2991 872 3070 (ubi
893 2991 1011 3056 Fabius
1033 2991 1151 3057 Romae
1173 2994 1206 3056 in
1232 2998 1343 3057 senatu
1368 2993 1407 3058 de
1429 3013 1488 3056 suo

375 3119 539 3205 pugnandi
573 3118 666 3182 modo
701 3119 861 3182 rationem*
887 3118 1009 3200 reddit).
1034 3156 1075 3165 —
1101 3137 1200 3200 ,oum
1235 3119 1357 3183 hostem
1381 3117 1486 3182 verbis

377 3243 560 3310 extolleret’'
585 3281 627 3290 -

421 3395 475 3460 Sil.
495 3395 568 3458 VH.
592 3395 674 3457 226:

465 3520 498 3585 Si
519 3521 600 3584 lucis
622 3521 716 3604 piget,
738 3524 769 3584 et
793 3521 948 3604 supremis
972 3539 1041 3585 esse
1062 3520 1176 3604 cupido
1200 3524 1247 3585 est
1300 3538 1302 3541 ’

366 3645 367 3649 ’
464 3645 611 3710 Nominis
634 3646 771 3709 Ausonii
798 3683 838 3692 -
864 3683 905 3692 -—

816 3808 857 3816 -
882 3808 922 3818 —-
945 3771 1141 3834 revocandus
1164 3770 1204 3835 ab
1227 3772 1302 3835 atris

463 3895 639 3960 Flaminius
662 3895 752 3960 vobis
775 3902 823 3960 est
844 3895 988 3960 sedibus:
1012 3895 1066 3959 ille
1091 3896 1206 3960 ruendi

461 4020 530 4084 Iam
554 4021 674 4086 dudum
697 4041 867 4105 properans
890 4023 1017 4106 signum
1040 4023 1281 4106 auspiciumque
1305 4020 1451 4085 dedisset.

360 4377 361 4380 ,
406 4340 433 4406 1)
452 4341 533 4405 Peter,
551 4339 601 4390 Zur
617 4341 703 4390 Kritilr
720 4341 765 4390 der
781 4339 888 4400 Quellen
906 4341 951 4390 der
968 4340 1065 4390 tilberen
1078 4341 1223 4391 rbmisehen
1239 4340 1398 4392 Geschichbe.
1410 4341 1436 4392 S.
1445 4341 1491 4392 52.
