3364 5118
903 607 922 667 6

358 813 423 893 mit,
454 815 546 876 cuius
576 815 622 878 rei
654 816 785 898 vestigia
815 817 932 898 passim
962 821 1139 880 occurrunt.
1163 817 1214 880 Ex
1236 819 1358 901 ingenti
1381 820 1470 902 copia

357 957 459 1020 pauca
482 938 595 1022 eligere
619 941 695 1003 satis
719 941 785 1004 erit.
936 1019 938 1022 Ι

279 1116 281 1119 .
401 1060 468 1125 Lib.
499 1063 556 1126 ΙΠ.
581 1064 622 1126 62
636 1085 703 1148 sqq.
728 1063 889 1128 Hannibal
911 1067 946 1128 in
968 1065 1091 1128 Italiam
1113 1067 1311 1150 profecturus
1333 1087 1466 1131 uxorem

357 1186 515 1252 Himilcen
544 1208 618 1252 cum
648 1188 745 1252 filiolo
779 1190 923 1270 dimittit3
949 1210 1042 1274 quem
1063 1192 1170 1255 locum
1194 1192 1355 1257 evidenter
1377 1192 1469 1258 debet

356 1313 495 1378 Homero
510 1315 541 1397 1),
564 1317 619 1398 qui
640 1322 747 1380 tamen
768 1316 881 1381 Silium
904 1336 979 1381 cum
1001 1318 1098 1380 animi
1110 1317 1219 1382 ardore
1230 1322 1298 1382 tum
1311 1320 1467 1382 suavitate

358 1433 549 1523 permultum
576 1446 712 1524 superat.

400 1564 467 1628 Lib.
490 1565 581 1629 XIII.
607 1567 668 1629 381
683 1587 750 1650 sqq.
775 1567 923 1631 describit
947 1567 1102 1651 Scipionis
1124 1569 1184 1632 iter
1208 1567 1246 1631 ad
1264 1567 1395 1652 Inferos,
1408 1570 1464 1633 ubi

359 1690 489 1754 umbras
513 1698 544 1755 et
565 1693 662 1775 patris
684 1694 852 1776 patruique
875 1712 977 1777 nuper
998 1695 1032 1755 in
1055 1693 1210 1777 Hispania
1232 1695 1417 1777 occisorum,
1436 1699 1467 1759 et

359 1816 531 1880 multorum
556 1817 687 1881 aliorum
713 1819 889 1902 insignium
911 1819 1078 1882 hominum
1099 1819 1193 1883 videt.
1217 1817 1302 1894 Quin
1320 1818 1467 1882 hocloco

357 1943 500 2006 imitatus
532 1944 573 2007 sit
602 1943 776 2008 Homerum
792 1945 814 2026 2)
846 1949 877 2008 et
907 1944 1084 2028 Vergilium
1097 1942 1121 2026 8)
1154 1945 1288 2008 dubium
1310 1963 1378 2035 esse
1401 1963 1466 2007 non

358 2074 467 2151 potest.

401 2191 469 2255 Lib.
509 2193 550 2256 H.
587 2195 649 2257 395
675 2214 743 2278 sqq.
777 2194 913 2278 legimus
954 2196 1112 2278 copiosam
1153 2193 1341 2259 Hannibalis
1376 2196 1468 2280 clipei

359 2318 607 2402 descriptionem,
650 2340 745 2404 quam
788 2320 981 2404 deprompsit
1015 2291 1060 2384 de
1101 2319 1240 2384 Homero
1260 2321 1284 2403 4)
1324 2325 1355 2384 et
1390 2320 1467 2386 Ver-

358 2444 434 2527 gilio
447 2442 478 2526 ⁵).

400 2568 551 2634 Pluribus
585 2570 687 2633 verbis
717 2570 776 2633 hoc
806 2570 875 2634 loco
903 2575 1035 2635 tractare
1057 2571 1138 2634 hanc
1162 2573 1379 2654 quaestionem
1403 2592 1468 2636 non

356 2695 453 2775 iuvat,
477 2715 575 2778 quum
599 2700 630 2759 et
651 2693 846 2779 Wezelius⁶l
866 2697 1105 2781 diligentissime
1123 2697 1466 2762 hoemunerefunctus
1499 2666 1503 2674 Ι

357 2823 406 2902 sit,
428 2840 533 2904 neque
556 2823 634 2885 mihi
656 2822 737 2886 infra
760 2825 881 2886 occasio
904 2823 1000 2886 huius
1023 2825 1069 2887 rei
1089 2823 1242 2907 exemplis
1261 2823 1466 2888 illustrandae

352 2947 504 3010 defutura
546 2950 593 3012 sit.
636 2948 801 3012 Praeterea
834 2948 922 3011 nulla
957 2948 1051 3012 editio
1084 2967 1149 3011 non
1183 2948 1311 3012 exbibet
1344 2952 1466 3034 copiam

356 3074 515 3156 ingentem
550 3073 692 3137 locorum
729 3094 769 3139 ex.
803 3073 872 3137 aliis
904 3074 1117 3157 scriptoribus,
1150 3092 1230 3158 quos
1253 3073 1367 3138 Silium
1395 3081 1467 3138 ante

357 3199 465 3262 oculos
488 3198 637 3262 habuisse
659 3219 716 3283 pro
739 3205 823 3262 certo
846 3200 1028 3283 ponendum
1053 3204 1108 3263 est.

399 3323 607 3388 Transeamus
637 3325 736 3408 igitur
762 3325 801 3388 ad
824 3343 886 3406 ece,
911 3325 967 3408 qui
990 3324 1028 3388 de
1051 3324 1200 3407 fontibus
1224 3329 1262 3407 et,
1286 3345 1464 3408 quaecum

355 3451 395 3513 iis
429 3451 601 3514 artissime
619 3451 770 3534 cohaeret,
802 3451 840 3515 de
870 3450 932 3514 fide
955 3451 1104 3514 historica
1127 3452 1328 3535 scripserunt.
1352 3449 1404 3514 Ex
1428 3471 1464 3516 eo

355 3579 504 3659 tempore,
537 3596 599 3659 quo
634 3575 741 3641 noster
773 3597 792 3640 a
821 3577 950 3661 Poggio‚
974 3577 1023 3641 vel
1055 3578 1161 3660 potius
1184 3598 1203 3641 a
1224 3577 1464 3643 Bartholomaeo

356 3769 500 3778 ψ

390 3899 415 3965 1)
434 3900 504 3950 Iliad.
523 3899 566 3950 Vl.
584 3897 633 3950 394
642 3915 698 3963 sqq.

433 3991 520 4058 Odyss.
537 3991 580 4041 XL

386 3991 413 4056 2)

386 4079 414 4147 3)
432 4082 525 4147 Vergil.
541 4082 606 4132 Aen.
622 4082 665 4133 Vl.
682 4080 731 4132 235
741 4097 797 4148 sqq.

384 4173 411 4238 4)
430 4173 500 4223 Iliad.
518 4173 610 4224 XVIII.
629 4171 679 4223 278
687 4188 743 4238 sqq.

378 4263 413 4329 ’5)
432 4265 495 4315 Aen.
512 4265 579 4315 VlH.
597 4263 710 4329 dlbsqq.

264 4409 267 4418 ,
386 4352 413 4420 6)
432 4355 468 4406 De
485 4355 511 4406 C.
530 4354 586 4406 Silii
604 4356 683 4407 Italici
700 4371 760 4407 cum
778 4357 890 4408 lontibus
908 4362 964 4412 tum
984 4357 1114 4423 exemplis.
1131 4356 1237 4422 Lipsiae.
1256 4355 1330 4408 1873.
