3360 5116
911 527 950 589 70

372 736 428 800 sed
458 742 493 799 ut
516 741 660 819 agentem
684 744 714 800 te
738 699 817 799 ratio
841 735 944 817 ducat,
967 755 1032 798 non
1055 736 1200 814 fortuna3
1222 740 1363 799 armatus
1387 737 1492 798 inten-

375 864 493 943 tusque
516 861 569 941 sis,
593 879 698 943 neque
722 861 878 924 occasioni
901 864 974 923 tuae
998 859 1090 942 desis,
1114 879 1220 944 neque
1242 880 1333 924 suam
1354 861 1494 924 occasio-

375 1004 446 1048 nem
470 984 554 1048 hosti
578 983 663 1048 des.”

416 1109 567 1174 Maiorem
598 1110 712 1172 horum
745 1109 888 1173 locorum
911 1113 1032 1193 partem
1055 1109 1190 1173 contulit
1212 1111 1275 1173 iam
1300 1109 1446 1174 Bauerus
1458 1109 1494 1191 1).

373 1233 479 1310 Quum
504 1253 579 1298 vero
601 1239 746 1318 putarem
767 1254 831 1297 non
852 1235 1027 1317 unicuique
1044 1236 1197 1299 lectorum
1218 1233 1363 1299 libellum
1377 1235 1495 1299 eiusin

374 1360 522 1425 manibus
553 1379 631 1442 esse,
653 1361 740 1424 haud
770 1380 1003 1444 supervacuum
1027 1362 1105 1424 mihi
1129 1363 1234 1424 visum
1254 1366 1302 1424 est
1324 1379 1379 1424 eos
1398 1362 1496 1424 ascri-

373 1485 456 1550 bere.
485 1486 651 1550 Praeterea
681 1487 719 1550 de
743 1505 811 1549 meo
836 1485 988 1569 quaedam
1014 1486 1130 1568 addidi,
1153 1505 1235 1569 quae
1258 1488 1496 1570 comparatione

374 1632 437 1676 non
461 1612 592 1696 indigna
615 1611 778 1694 ducebam,
802 1631 947 1696 quaeque
967 1613 1034 1676 sive
1053 1612 1183 1677 fortuito
1205 1615 1272 1676 sive
1285 1613 1324 1677 de
1335 1615 1497 1678 industria

375 1759 393 1801 a
415 1737 540 1801 Bauero
563 1737 706 1821 neglecta
728 1741 810 1801 sunt.
831 1735 984 1801 Pluribus
1005 1735 1110 1801 verbis
1131 1757 1211 1822 opus
1232 1757 1301 1802 esse
1314 1757 1379 1802 non
1392 1739 1496 1821 oredo,

378 1866 414 1926 ut
435 1863 506 1926 iure
530 1880 599 1925 meo
622 1881 678 1944 pro
702 1866 786 1924 certo
809 1881 926 1944 ponere
950 1861 1083 1925 audeam
1107 1861 1221 1926 Silium
1242 1865 1277 1939 in
1299 1863 1360 1926 hac
1384 1863 1497 1927 saltem

375 2007 410 2052 re
433 2009 452 2050 a
473 1986 564 2050 Livio
587 1987 733 2070 pendere,
756 2005 861 2069 neque
884 1986 1094 2067 Heynachero
1114 1989 1353 2052 concedendum
1372 2008 1442 2053 esse
1460 1991 1498 2052 in

377 2110 573 2176 orationibus
608 2112 695 2195 operi
726 2113 854 2176 insertis
887 2113 971 2197 apud
1005 2112 1117 2176 Silium
1153 2118 1184 2177 et
1214 2113 1342 2177 Livium
1373 2115 1497 2178 nullam

377 2258 521 2321 unquam
547 2237 788 2302 similitudinem
815 2238 1053 2319 intercederet).

420 2363 473 2428 Sil.
497 2362 587 2427 VIII.
613 2364 692 2426 327:

466 2488 525 2552 (lui
547 2487 686 2552 breviter
710 2493 830 2552 maesto
854 2488 966 2553 consul
990 2490 1035 2552 sic
1059 2509 1112 2553 ore
1135 2491 1293 2560 vicissim:

420 2615 487 2679 Lim
512 2614 620 2678 XXII.
646 2616 697 2678 40.
723 2615 749 2676 1.
776 2614 969 2695 „Adversus
992 2635 1029 2679 ea
1048 2617 1146 2680 oratio
1167 2617 1308 2681 consulis
1321 2618 1406 2682 haud
1420 2639 1498 2684 sane

379 2739 460 2802 laeta
492 2738 583 2802 fuit.”
618 2737 729 2802 Livius
760 2740 900 2804 oratione
930 2738 1059 2822 obliqua
1089 2741 1219 2805 Aemilii
1240 2741 1338 2805 verba
1359 2743 1497 2822 reddens

379 2861 506 2926 brevior
536 2869 584 2927 est
614 2862 700 2945 Silio,
724 2865 781 2947 qui
803 2864 903 2928 multo
927 2867 1086 2949 copiosius
1109 2885 1182 2930 eum
1207 2866 1389 2951 loquentem
1413 2869 1497 2933 facit.

378 2986 486 3050 Nihilo
513 2989 616 3051 secius
639 3006 815 3052 consensus
839 2989 1096 3055 evidentissimus
1120 2996 1175 3055 est.

423 3112 476 3176 Sil.
499 3112 588 3176 VIII.
614 3115 696 3176 332:

470 3237 532 3301 Sed
556 3258 711 3320 quaenam
735 3240 784 3302 ira
806 3237 927 3303 Deum!
953 3239 1072 3305 Consul
1095 3243 1187 3307 datus
1210 3244 1288 3308 alter
1310 3247 1430 3329 opinor,

469 3363 632 3427 Ausoniae
655 3369 713 3445 est,
734 3364 813 3428 alter
834 3364 967 3430 Poenis:
992 3367 1087 3431 trahit
1111 3371 1218 3433 omnia
1245 3389 1363 3454 secum,

471 3488 513 3552 Et
535 3491 647 3554 metuit
671 3491 809 3573 demens,
831 3491 892 3554 alio
916 3511 956 3556 ne
980 3495 1109 3559 consule
1131 3495 1232 3559 Roma

470 3612 628 3678 Concidat.

427 3738 493 3802 Liv.
517 3739 626 3802 XXII.
649 3741 700 3803 40.
725 3742 753 3804 2.
780 3741 891 3823 „Quid
918 3742 1049 3808 Consuli
1072 3745 1225 3810 adversus
1244 3748 1397 3832 collegam
1415 3751 1497 3814 sedi·

383 3866 498 3928 tiosum
523 3885 560 3928 ac
582 3869 785 3931 temerarium
809 3871 927 3933 virium
951 3875 1046 3953 atque
1069 3874 1265 3937 auctoritatis
1288 3872 1401 3938 fore?’'
