3364 5118
893 589 934 650 14

403 796 438 860 Ρ.
470 799 519 860 18.
553 796 639 878 „Die
661 796 896 880 Abstammung
918 797 973 861 der
994 796 1111 861 Rbmer
1133 797 1275 861 erw'athnt
1297 796 1412 860 Livius
1434 797 1468 860 in

358 919 413 984 der
441 920 598 984 Praefatio
628 921 696 984 und
717 922 761 984 im
784 926 888 985 ersten
911 920 1021 984 Buche
1044 939 1069 984 e.
1093 922 1123 983 4.
1147 922 1166 983 2
1191 921 1259 984 und
1282 919 1396 985 darauf
1414 941 1467 1005 ge-

358 1049 456 1109 stiitzt
478 1051 547 1129 sngt
568 1045 666 1110 Silius
687 1046 712 1109 Ι.
736 1046 808 1109 634.
831 1047 890 1110 35:

534 1196 660 1276 Sacrata
680 1216 759 1281 gens
781 1197 864 1260 clara
884 1197 955 1277 fide,
978 1216 1074 1279 quam
1095 1198 1154 1260 rIte
1175 1195 1314 1261 fatentur

533 1320 634 1386 Marto
655 1327 754 1386 satam
776 1322 886 1406 populi
906 1321 988 1385 ferro
1011 1341 1120 1405 parere
1143 1321 1295 1386 subacti.’'

402 1471 574 1553 Audacius,
586 1473 705 1555 opinor,
717 1471 836 1537 dictum
854 1476 909 1536 est.
924 1470 1085 1555 Originem
1096 1470 1313 1535 Romanorum
1327 1471 1466 1567 divinam

357 1615 423 1660 non
455 1595 565 1661 Livius
596 1597 689 1661 modo
721 1597 776 1661 sed
800 1616 918 1679 omnes,
941 1599 997 1680 qui
1019 1596 1127 1681 populi
1147 1595 1282 1660 Romani
1304 1598 1467 1661 historiam

357 1723 559 1806 scripserunt,
586 1728 728 1787 auctores
758 1727 1092 1788 commemoraverunt.
1121 1719 1207 1786 Num
1240 1722 1389 1787 suadibile
1411 1727 1467 1804 est,

357 1845 480 1930 Silium,
502 1849 555 1911 cui
577 1847 681 1911 Plinio
704 1852 783 1912 teste
795 1848 818 1929 1)
845 1848 1009 1929 „multum
1033 1846 1152 1931 ubique
1170 1847 1324 1911 librorum
1342 1847 1467 1930 fuerit’',

356 1971 439 2034 banc
460 1989 528 2036 rem
551 1991 593 2036 ex
614 1971 705 2036 Livio
726 1972 792 2036 solo
811 1975 969 2056 cognitam
980 1972 1129 2037 habuisse
1141 1977 1237 2056 atque
1248 1974 1467 2057 expressisse?

401 2095 463 2161 Sed
492 2098 568 2162 haec
590 2098 751 2161 hactenus.
775 2096 881 2174 Plura,
906 2099 965 2162 etsi
988 2099 1115 2181 possim,
1139 2098 1253 2162 addere
1275 2098 1357 2180 nolo,
1381 2099 1466 2182 quod

356 2222 434 2285 baec
456 2224 532 2286 satis
556 2242 715 2307 superque
736 2223 916 2307 probabunt
938 2242 988 2288 me
1012 2241 1076 2288 non
1093 2223 1163 2287 leve
1180 2224 1335 2288 iudicium
1348 2224 1466 2288 tulisse.

356 2347 417 2412 His
450 2348 527 2412 locis
558 2354 674 2431 autem,
697 2348 753 2413 ubi
775 2351 882 2413 miuus
904 2348 1037 2413 feliciter
1056 2351 1287 2433 comparavisse
1310 2349 1466 2414 Kererum

357 2474 560 2538 statuendum
588 2480 643 2556 est,
666 2477 782 2559 opponi
803 2480 938 2560 possunt
959 2476 1124 2560 permulta,
1148 2475 1203 2539 ubi
1226 2495 1293 2540 rem
1317 2495 1376 2539 acu
1398 2477 1467 2541 teti-

356 2601 410 2683 git.
434 2597 546 2675 Qualia
569 2605 660 2664 sunt:

401 2724 454 2789 Sil.
477 2725 501 2788 I.
527 2727 598 2788 183.
624 2727 666 2788 84
690 2731 721 2790 et
742 2725 808 2790 Liv.
831 2725 923 2790 XXI.
949 2729 976 2790 3.
1001 2728 1037 2808 1;

401 2849 454 2914 Sil.
484 2850 514 2913 Ι..
534 2852 706 2915 242-260
731 2852 859 2934 (quibus
882 2853 1028 2918 versibus
1050 2853 1239 2917 Hannibalis
1263 2854 1412 2936 patientia
1432 2855 1467 2915 in

356 2975 517 3040 laboribus
540 2977 710 3041 tolerandis
732 2981 889 3056 narratur)
913 2984 943 3043 et
965 2977 1032 3042 Lim
1055 2977 1147 3042 XXI.
1173 2981 1200 3042 3.
1226 2981 1261 3059 53

401 3100 453 3164 Sil.
494 3101 518 3164 Ι.
560 3103 734 3165 288-293
776 3104 825 3183 (de
866 3102 1114 3188 Saguntinorum
1160 3105 1290 3188 origine)
1336 3109 1367 3168 et
1400 3102 1467 3167 Liv.

356 3225 448 3290 XXI.
472 3227 500 3289 7.
525 3228 562 3306 23

401 3350 454 3415 Sil.
488 3351 529 3414 II.
565 3353 628 3415 282
641 3372 709 3437 sqq.
741 3355 916 3429 (continens
945 3352 1115 3418 Hannonis
1147 3354 1318 3418 orationem
1347 3354 1466 3420 bellum

356 3495 431 3541 cum
453 3470 605 3541 Romanis
628 3477 851 3559 dissuadentis)
876 3483 907 3543 et
928 3477 995 3543 Liv.
1017 3477 1109 3542 XXI.
1136 3480 1184 3541 10.
1212 3481 1315 3559 3-53

400 3602 453 3667 Sil.
487 3603 545 3668 ΠΙ.
579 3604 753 3667 455-465
789 3603 945 3682 (Rhodani
977 3603 1120 3669 fluminis
1150 3607 1309 3698 traiectus)
1340 3610 1371 3669 et
1400 3604 1467 3668 Liv.

356 3727 449 3794 XXI.
466 3730 531 3796 27.
557 3731 592 3810 53
617 3749 699 3813 quaa
720 3729 789 3793 loca
814 3730 920 3813 quivis
943 3728 1054 3794 Kereri
1077 3729 1219 3795 libellum
1242 3730 1351 3816 legens
1372 3733 1468 3808 innu-

356 3859 452 3922 meris
479 3857 549 3921 aliis
572 3874 686 3940 augere
708 3859 818 3940 potest.
841 3855 991 3940 Superest
1015 3860 1050 3919 ut
1074 3855 1175 3920 dicam
1197 3856 1294 3920 libros
1317 3858 1464 3940 primum,

320 3979 322 3983 ’
356 3984 533 4049 secundum
557 3986 588 4046 et
609 3983 737 4046 tertium
758 3982 844 4045 huno
866 3981 902 4044 iu
924 3980 1054 4045 modum
1078 4000 1151 4044 eum
1174 3985 1334 4045 tractasse.

401 4109 491 4172 Alter
512 4105 648 4190 libellus,
669 4106 779 4171 eodem
803 4125 886 4170 anno
909 4106 1022 4189 editus,
1044 4107 1136 4170 ouius
1157 4107 1276 4189 passim
1293 4108 1357 4172 iam
1378 4127 1465 4172 men·

360 4249 506 4261 ffl—-n—

392 4329 416 4398 1)
434 4330 520 4394 Puni,
538 4329 583 4396 ap.
603 4329 648 4395 m,
666 4327 690 4380 7.
