3364 5118
771 543 911 649 ar¹

238 813 363 858 omnem
386 795 532 859 hostilem
556 794 707 860 abstineri
728 796 831 878 iussit,
853 800 890 860 ut
914 797 1030 860 occulti
1054 797 1191 860 alicuius
1214 797 1297 879 pacti
1316 815 1354 860 ea

236 938 356 983 merces
377 920 477 984 videri
500 920 626 1004 posset”
642 917 672 1003 ¹).

282 1043 367 1121 Quid
377 1045 631 1127 Heynacherus?
644 1046 823 1110 Audiamus
838 1047 942 1130 ipsum
954 1046 991 1127 a),
1005 1045 1202 1126 ,SiliusVIL
1212 1045 1275 1108 260
1285 1065 1353 1128 sqq.

237 1171 349 1235 schont
381 1171 542 1235 Hannibal
574 1172 629 1236 das
658 1170 807 1256 Landgul
838 1172 892 1236 des
924 1170 1042 1235 Fabius
1067 1169 1125 1235 auf
1146 1170 1217 1234 dem
1240 1169 1352 1233 Massi-

146 1287 149 1294 ’
236 1297 332 1362 schen
362 1296 474 1381 Berge,
503 1297 654 1361 withreud
685 1316 719 1361 er
747 1296 824 1360 alles
853 1296 1056 1380 ringsumher
1083 1299 1262 1360 verwiistet.
1284 1295 1352 1358 Liu

235 1423 343 1488 XXII.
378 1425 419 1487 23
463 1424 604 1487 erwdhnt
646 1424 712 1488 dies
753 1422 883 1487 Factum
920 1423 1010 1504 auch,
1044 1422 1160 1487 ebenso
1193 1422 1352 1487 Plutarch.

234 1549 353 1613 Fabius
389 1549 416 1610 7.
450 1547 592 1612 Letztere
625 1567 722 1632 sagen
757 1546 832 1612 aber
864 1547 968 1611 nichts
1001 1567 1065 1610 von
1096 1547 1151 1611 der
1181 1546 1265 1632 Lege
1298 1548 1352 1613 des

236 1674 343 1751 Gutes,
376 1675 474 1756 nicht,
508 1674 580 1738 dass
615 1693 648 1738 es
679 1672 949 1757 Weinpflanzung
978 1693 1051 1736 war.
1083 1671 1179 1738 Diese
1208 1680 1352 1758 grdssere

236 1800 446 1884 Genauigheit
478 1799 609 1863 beweist
643 1799 768 1881 wieder,
800 1799 872 1862 dass
904 1798 1001 1863 Silius
1035 1799 1105 1862 dem
1128 1798 1240 1864 Livius
1263 1801 1352 1864 nicht

235 1925 333 1990 direct
354 1924 472 2009 gesolgt
495 1925 564 1989 sein
586 1921 703 1987 kann.”

277 2049 335 2114 Est
368 2049 461 2114 nobis
494 2047 716 2133 proverbium:
757 2050 838 2131 „qui
872 2049 1007 2111 nimium
1039 2048 1110 2112 vult
1140 2049 1353 2133 comprobare,

233 2174 416 2260 comprobat
445 2174 555 2257 nihil'',
587 2174 680 2258 quod,
707 2174 736 2237 si
758 2193 905 2257 usquam,
928 2173 979 2236 hic
1002 2173 1141 2257 profecto
1164 2175 1255 2239 valet.
1279 2175 1351 2239 Viri
1425 2187 1427 2192 ’

234 2300 407 2364 doctissimi
436 2300 550 2363 vitium
581 2303 638 2381 est,
662 2298 748 2382 quod
773 2297 913 2381 qualibet
934 2299 1065 2380 ratione,
1087 2304 1123 2363 ut
1146 2298 1244 2364 Silius
1267 2302 1352 2365 inter

233 2424 335 2488 fontes
358 2422 433 2487 belli
454 2424 571 2487 Punici
594 2423 726 2488 secundi
748 2427 944 2503 numeretur,
967 2422 1091 2486 efficere
1113 2423 1198 2505 velit,
1222 2445 1351 2509 quoqne

232 2557 309 2620 haec
332 2554 437 2638 opinio
459 2550 618 2636 probetur,
639 2568 680 2613 ne
699 2550 928 2612 minutissimas
950 2549 1078 2633 quidem
1096 2570 1146 2614 res
1160 2558 1350 2636 contemnat,

234 2699 324 2766 quae,
346 2683 385 2743 ut
407 2675 587 2756 arbitratur,
610 2675 685 2737 huic
708 2673 814 2738 studio
836 2674 986 2757 prodesse
1008 2675 1138 2757 possint

275 2805 320 2869 Ut
349 2803 513 2868 ostendam
539 2801 621 2864 hanc
643 2800 799 2863 rationem
822 2799 929 2862 minus
952 2803 1071 2863 rectam
1095 2818 1173 2882 esse,
1197 2801 1243 2864 nil
1266 2802 1351 2866 ultra

234 2951 314 3015 opus
343 2934 399 3012 est,
432 2928 534 3009 credo,
557 2945 653 3010 quam
684 2929 721 2989 ut
743 2923 840 2987 verba
863 2923 982 2988 Siliana
1005 2929 1036 2988 et
1055 2923 1188 2989 Liviana
1210 2929 1293 2991 inter
1315 2944 1349 2993 se

232 3056 400 3122 conferam.

403 3179 546 3245 Silius.
1031 3174 1211 3242 Livius..

183 3308 256 3372 260.
336 3343 378 3352 -
391 3303 764 3386 -iraudisqueveneno
858 3300 931 3364 Una
941 3300 1053 3365 fraude
1065 3323 1102 3366 ac
1114 3304 1185 3368 dolo
1197 3305 1404 3373 Hannibalis·
1529 3325 1531 3332 ·

270 3431 465 3515 Adgreditur
486 3433 616 3493 mentes.

182 3558 255 3620 265.
267 3594 308 3603 -
317 3555 399 3620 ferro
407 3555 609 3638 flammisque
617 3554 763 3638 pepercit.
858 3549 1014 3618 Omnibus
1030 3555 1112 3617 circa
1124 3555 1190 3618 solo
1203 3560 1345 3641 aequatis
1358 3559 1396 3623 ab

812 3698 877 3742 uno
902 3699 938 3743 eo
958 3679 1078 3744 ferrum
1098 3683 1269 3767 ignemque
1289 3690 1320 3748 et
1332 3705 1397 3749 om·

811 3823 884 3868 nem
898 3806 963 3868 vim
976 3805 1121 3871 hostilem
1134 3807 1285 3874 abstineri
1292 3812 1395 3876 iussit.

181 3933 253 3994 267.
275 3931 341 3996 Ceu
368 3931 562 3995 clandestino
586 3932 763 3995 traheretur
854 3929 899 3994 Ut
933 3931 1049 3995 occulti
1080 3933 1215 3999 alicuius
1245 3938 1329 4020 pacti
1361 3956 1397 4001 ea

267 4056 393 4122 foedere
414 4056 540 4122 bellum.
785 4053 789 4151 l
811 4077 931 4121 merces
956 4057 1056 4121 videri
1078 4064 1192 4142 posset.

228 4187 373 4198 -η

261 4241 288 4306 l)
307 4242 344 4293 cf.
361 4243 445 4294 etiarn.
464 4242 546 4293 Valer.
564 4243 630 4293 Max.
648 4244 694 4294 111.
710 4241 735 4294 3.
753 4241 777 4294 8.
794 4244 959 4307 Plutarchus
976 4243 1036 4294 Fab.
1055 4243 1120 4294 Mar.
1138 4259 1158 4294 c.
1178 4242 1201 4294 7.

261 4332 289 4398 2)
307 4333 395 4400 Progr.
411 4349 433 4384 c.
447 4332 463 4383 5
481 4334 493 4399 ξ
509 4333 533 4384 8.
