3360 5116
875 588 915 650 76

337 805 406 884 sagt
439 799 513 863 aber
546 800 755 882 lreineswegs,
786 798 858 862 dass
889 796 1015 861 Cannae
1046 798 1129 861 nooh
1161 796 1250 861 Stadt
1281 797 1335 860 sei.
1368 797 1453 860 Pris-

339 946 397 990 ous
422 951 462 982 --
488 921 552 1004 πρὶν
576 924 724 988 bedentet
747 924 812 1005 das,
836 943 901 986 was
923 942 982 986 vor
999 922 1144 1006 lingeror
1162 922 1229 986 Zeit
1249 923 1289 986 da
1309 942 1375 985 war
1386 922 1453 985 und

336 1053 370 1115 in
401 1069 516 1114 unsere
547 1049 614 1113 Zeit
642 1049 729 1113 nieht
753 1049 843 1111 mehr
864 1048 1081 1112 hineinreiobt.
1106 1047 1180 1110 Von
1204 1047 1307 1111 dieser
1330 1047 1460 1117 uralten¹

338 1176 427 1241 Stadt
450 1181 557 1239 wiron
579 1174 708 1239 Ruinen
732 1174 926 1258 dagewesen.
947 1173 1044 1237 Hane
1067 1173 1165 1238 Silius
1183 1172 1287 1257 gleieh
1303 1171 1454 1252 Polybios

337 1301 486 1385 gemeint,
520 1299 592 1362 dass
628 1299 679 1362 die
713 1297 802 1362 Stadt
838 1297 963 1362 Cannae
994 1299 1028 1361 in
1059 1297 1156 1361 Jahre
1185 1297 1300 1360 vorher
1321 1301 1455 1361 nerstbrt

338 1426 476 1508 worden,
499 1445 534 1489 so
556 1425 641 1488 hatte
665 1443 699 1488 er
722 1424 789 1487 sich
812 1424 926 1488 anders
950 1422 1192 1507 ausgedriiolrt.''

383 1550 531 1616 Defendit
541 1552 648 1634 igitur,
660 1548 830 1631 Polybium
842 1550 962 1614 iontem
974 1569 1039 1612 non
1051 1568 1128 1613 esse.
1142 1547 1244 1624 Quem
1257 1567 1331 1612 vero
1343 1553 1454 1633 po'e‘tae

340 1676 484 1760 exemplo
502 1676 602 1740 fuisse
622 1675 735 1757 eredat,
756 1694 821 1738 non
841 1674 924 1738 dioit.
943 1675 995 1738 Ad
1015 1675 1196 1758 opinionem
1217 1694 1308 1738 suam
1320 1673 1455 1757 proban-

341 1802 413 1865 dam
442 1800 559 1884 profert
588 1803 774 1884 argumenta
804 1818 887 1883 quae
910 1800 1006 1863 nimis
1028 1799 1170 1883 quaesita
1196 1799 1275 1862 mihi
1298 1798 1455 1863 videntur.

340 1927 485 1991 Primum
520 1927 664 1990 omnium
695 1925 835 1989 obtrudit
864 1924 955 1989 nobis
985 1925 1161 2007 lectionem,
1193 1897 1298 2008 duam,
1328 1929 1455 1989 auctore

340 2052 475 2134 Radere,
498 2072 584 2116 unus
610 2056 735 2115 tantum
760 2050 868 2114 Codex
889 2053 982 2134 isque
1005 2052 1140 2115 deterior
1163 2051 1299 2128 exhibet,
1322 2071 1455 2136 eamque

341 2179 623 2261 argumentationis
652 2176 896 2240 fundamentum
927 2195 996 2240 esse
1026 2176 1135 2241 voluit.
1168 2176 1201 2240 Si
1233 2178 1324 2240 aliam
1348 2179 1455 2241 melio·

341 2321 473 2386 remque
494 2302 661 2367 lectionem
685 2304 857 2385 sequimur,
880 2304 986 2366 omnia
1008 2302 1089 2367 bene
1112 2322 1147 2368 se
1169 2302 1286 2368 habent
1309 2309 1340 2368 et
1361 2303 1455 2384 Poly-

343 2428 415 2493 bius
437 2429 547 2492 eadem
570 2429 645 2491 dicit
669 2447 750 2511 quae
771 2426 877 2492 Silius.
899 2427 996 2492 Urbis
1020 2430 1105 2492 enim
1128 2430 1316 2514 iampridem
1337 2430 1454 2494 deletae

341 2555 475 2638 vestigia
494 2572 658 2636 superesse
676 2559 817 2637 possunt.
830 2553 928 2618 Silius
939 2556 1038 2638 igitur
1050 2555 1101 2617 hio
1113 2556 1220 2618 neseio
1234 2575 1297 2638 qua
1309 2555 1347 2619 de
1359 2575 1453 2619 eausa

341 2680 506 2744 Livianam
548 2681 758 2743 narrationem
794 2680 932 2744 deseruit
966 2679 1202 2763 Polybiumque
1237 2686 1365 2745 secutus
1401 2686 1456 2746 est.

342 2805 452 2870 Restat
481 2811 519 2870 ut
547 2783 656 2890 paucis
687 2805 792 2870 verbis
816 2805 987 2888 absolvam,
1012 2825 1093 2889 quae
1117 2807 1155 2870 de
1179 2807 1353 2871 differentia
1376 2809 1457 2872 inter

341 2933 470 2997 Livium
493 2939 523 2997 et
546 2932 716 3014 Polybium
741 2935 883 2998 sentiam.
907 2932 1018 2997 Livius
1038 2938 1069 2998 et
1091 2953 1166 2997 oum
1189 2953 1225 2997 eo
1244 2933 1357 2998 Florus
1376 2933 1456 2997 lio

344 3065 375 3124 et
408 3060 574 3142 Appianus
605 3057 744 3122 Hannib.
782 3060 821 3121 17
855 3059 1013 3143 appellant
1044 3058 1169 3123 Cannas
1199 3059 1315 3141 vicum,
1345 3058 1458 3123 Florus

344 3187 438 3250 etiam
479 3184 719 3268 ignobilem.
759 3184 924 3249 Praeterea
959 3183 1066 3249 Cicero
1101 3184 1191 3249 Tusa.
1225 3183 1313 3269 Disp.
1348 3184 1372 3248 l.
1409 3186 1458 3248 37.

348 3359 362 3392 „
376 3309 501 3373 Cannae
524 3310 616 3373 vicus
640 3309 775 3392 Apuliae
799 3310 886 3374 elade
909 3309 1124 3375 Romanorum
1149 3310 1232 3375 bello
1255 3310 1379 3374 Punico
1402 3310 1455 3375 Se·

345 3438 450 3502 eundo
481 3435 695 3501 nobilitatus’'
726 3435 789 3501 Res
813 3438 858 3501 sio
881 3436 996 3502 habere
1019 3456 1088 3501 sese
1111 3433 1355 3502 mihi'ridetur:
1381 3437 1457 3501 urbs

345 3563 472 3627 Cannae
513 3563 702 3626 iamdudum
737 3563 837 3627 deleta
871 3569 947 3646 erat,
980 3545 1047 3628 sed
1070 3583 1167 3648 prope
1201 3564 1354 3648 reliquias
1389 3566 1458 3628 eius

345 3694 453 3773 postea
485 3690 576 3752 vicus
610 3695 641 3752 ot
671 3689 799 3772 quidem
830 3709 947 3773 parvus
979 3689 1126 3754 conditus
1158 3695 1231 3772 erat,
1265 3710 1358 3775 quem
1391 3690 1460 3755 fieri

344 3819 446 3899 potest
475 3819 512 3878 ut
542 3813 581 3878 ob
607 3817 707 3899 ipsam
742 3815 947 3898 exiguitatem
970 3814 1125 3897 Polybius
1149 3821 1179 3880 et
1202 3836 1276 3880 eum
1299 3835 1336 3881 eo
1362 3817 1459 3881 Silius

344 3940 527 4024 neglexerit,
562 3941 624 4004 nisi
653 3939 733 4003 forte
763 3944 835 4023 post
864 3939 980 4003 Punici
1011 3939 1086 4004 belli
1115 3945 1257 4025 tempora
1286 3943 1376 4005 vicus
1407 3942 1460 4004 ille

327 4069 440 4159 'natus
470 4068 526 4146 est,
557 4084 593 4128 ao
623 4064 734 4128 Livius
764 4069 941 4148 temporum
965 4067 1102 4130 rationes
1125 4065 1329 4149 perturbavit,
1353 4067 1460 4130 vicum

346 4189 482 4253 Cannas*
505 4195 657 4273 tanquam
692 4194 770 4253 tuno
803 4191 868 4254 iam
899 4195 1060 4256 extantem
1089 4190 1222 4275 fingens.
1255 4190 1343 4267 Quae
1366 4192 1394 4256 si
1416 4192 1460 4254 ita

348 4320 432 4398 sunt,
467 4315 563 4380 rerba
594 4315 679 4400 apud
706 4315 833 4380 Livium
863 4315 973 4379 XXII.
996 4318 1047 4380 49.
1073 4318 1114 4380 13
1140 4317 1230 4399 ,duo
1253 4317 1342 4381 milia
1362 4316 1461 4381 ferme
