3360 5116
720 587 759 650 61

216 796 308 862 Teste
341 795 432 860 livio
454 795 563 860 XXII.
588 797 639 879 31,
661 795 780 860 Fabius
804 796 959 860 dictatura
982 795 1114 860 abdicat.
1139 794 1295 862 Consules

177 920 232 985 Cn.
269 922 422 987 Servilius
457 921 622 1004 Geminus,
655 920 697 984 M.
727 921 845 985 Atilius
875 921 1018 1006 Regulus
1051 921 1098 1006 (in
1129 923 1235 988 locum
1260 922 1292 987 C.

173 1046 332 1130 Flaminii,
365 1049 421 1131 qui
451 1048 535 1132 apud
565 1048 786 1112 Trasimenum
811 1047 919 1112 lacum
943 1049 1107 1131 occiderat,
1130 1048 1293 1132 suffectus)

173 1175 336 1258 accipiunt
370 1175 540 1257 exercitus,
570 1173 724 1257 Fabiique
755 1173 877 1238 artibus
908 1194 1032 1238 summa
1054 1176 1138 1239 inter
1162 1195 1196 1240 se
1220 1195 1295 1239 con-

174 1300 283 1363 cordia
314 1299 432 1364 bellum
455 1304 579 1383 gerunt.
604 1298 701 1381 Quae,
724 1304 761 1363 ut
782 1300 937 1371 videmus,
959 1299 1044 1383 apud
1066 1297 1194 1364 Livium
1217 1319 1292 1364 con-

175 1427 262 1491 sules
292 1426 382 1490 Fabii
413 1426 534 1490 artibus
564 1431 688 1509 gerunt,
712 1425 796 1508 apud
819 1430 943 1509 politam
966 1425 1041 1489 facit
1063 1424 1181 1490 Fabius
1204 1427 1296 1510 ipse³

174 1553 279 1636 pergit
312 1537 432 1616 bellum
463 1557 573 1614 contra
603 1550 816 1615 Hannibalem
846 1569 964 1634 gerere,
990 1556 1086 1634 atque
1114 1552 1293 1615 cunctando

176 1677 284 1760 efficit,
313 1683 351 1741 ut
384 1697 522 1756 summa¹
540 1678 646 1760 inopia
676 1677 761 1760 apud
784 1675 1058 1760 Carthaginienses
1082 1678 1211 1742 oriatur.
1233 1677 1295 1742 Hic

176 1821 266 1866 error
299 1807 404 1866 tamen
439 1821 505 1864 non
535 1801 693 1864 emanavit
723 1820 765 1864 ex
796 1802 857 1865 alio
879 1800 967 1866 fonte
990 1822 1009 1865 a
1031 1807 1124 1886 po'e'ta
1147 1803 1296 1886 adhibito,

178 1926 315 2008 (constat
344 1928 429 1991 enim
460 1926 701 2010 prodictatorem
732 1932 804 2010 post
826 1946 884 1990 sex
907 1946 1032 1991 menses
1054 1947 1175 1991 munus
1200 1927 1294 2012 depo-

177 2055 303 2136 suisse),
335 2054 390 2118 sed
422 2053 662 2137 enegligentia,
686 2054 771 2136 quod
793 2053 833 2116 ad
858 2073 964 2117 veram
986 2053 1161 2117 historiam·
1175 2055 1294 2137 attinet,

175 2180 318 2263 poeticae
351 2180 546 2242 tractationis
575 2179 709 2262 propria.
740 2177 863 2242 Mutato
896 2177 1005 2242 ordine
1035 2198 1072 2242 ac
1094 2179 1164 2242 loco
1187 2179 1297 2244 eadem

176 2310 287 2369 narrat
310 2323 392 2389 quae
412 2304 533 2368 Livius

224 2429 279 2494 Sil.
302 2429 391 2492 VIII.
415 2431 474 2492 12:

658 2565 662 2574 .
709 2555 747 2564 -
775 2554 816 2562 -
839 2516 932 2582 Miles
955 2537 1075 2602 egenus

311 2644 505 2709 Cunctorum
528 2650 564 2733 ut
585 2663 693 2708 rerum
714 2644 829 2726 Tyrius
851 2645 940 2728 foret,
963 2651 1029 2710 arte
1053 2647 1184 2711 sedendi

310 2771 434 2856 Egerat,
457 2809 499 2817 —
525 2808 566 2818 —

221 2897 290 2962 Liv.
312 2896 421 2961 XXII.
446 2899 487 2960 32
522 2896 661 2981 „quue
682 2898 807 2982 inopiae
835 2903 884 2963 est
905 2903 1032 2962 coactus
1054 2896 1224 2974 Hannibal,
1249 2902 1294 2980 ut,

176 3025 241 3088 nisi
272 3042 346 3086 cnm
374 3021 469 3107 fugae
499 3024 602 3106 specie
624 3009 806 3088 abeundum
830 3024 997 3106 timuisset
1022 3022 1156 3088 Calliam
1178 3025 1293 3107 repeti-

178 3155 272 3215 turus
300 3149 427 3228 fuerit,‘’
450 3155 481 3214 et
503 3151 554 3212 43.
578 3152 597 3212 2
625 3151 701 3231 „Ibi
724 3152 801 3234 (scil.
824 3151 982 3234 Ceraunii)
1005 3157 1132 3236 propter
1152 3153 1294 3235 inopiam

177 3276 330 3340 frumenti
353 3296 480 3341 manere
503 3276 644 3360 nequit.''

223 3401 277 3466 Sil.
300 3401 388 3466 VIII.
414 3403 472 3466 16:

179 3610 181 3614 .
313 3527 398 3604 Quin
422 3531 515 3594 etiam
537 3530 666 3613 ingenio
689 3528 779 3612 fluxi,
802 3529 857 3594 sed
880 3530 982 3613 prima
1003 3530 1132 3612 feroces,

311 3655 539 3740 Vaniloquum,
564 3655 678 3739 Celtae,
699 3675 802 3740 genus
825 3675 862 3720 ac
884 3655 1038 3720 mutabile
1062 3660 1182 3720 mentes

311 3781 500 3865 Respectare
523 3782 642 3846 domos.

226 3905 328 3982 Quam
363 3927 429 3972 rem
464 3907 561 3971 Silius
596 3908 634 3972 de
666 3906 773 3989 Gallis,
805 3908 844 3971 de
872 3906 1026 3991 Hispanis
1055 3910 1161 3970 narrat
1182 3905 1295 3970 Livius

180 4030 289 4095 XXII.
319 4036 370 4095 43.
395 4032 451 4114 21)
475 4051 576 4106 „cum
601 4034 834 4101 mercennarios
858 4031 973 4096 milites
997 4032 1137 4095 maxime
1158 4030 1296 4115 Hispani

181 4161 305 4244 generis
330 4160 369 4223 de
391 4159 576 4224 transitione
600 4160 721 4242 cepisse
744 4159 913 4222 consilium
936 4157 1020 4221 fama
1042 4157 1154 4222 esset.’'

214 4343 241 4410 l)
260 4344 379 4411 Polybius
395 4344 440 4394 111.
457 4342 516 4394 106.
532 4341 557 4394 6.
575 4343 732 4394 mentionem
748 4343 807 4394 lacit
824 4347 958 4392 Κελτῶν.
