3360 5116
679 557 786 627 '63

208 774 378 850 induxerit,
408 780 444 838 ut
474 775 534 837 hoc
564 793 694 856 quoque
724 773 792 836 loco
823 774 892 837 eius
914 775 961 836 rei
983 775 1176 838 mentionem
1197 773 1321 837 faceret.

208 897 291 963 Vere
326 901 509 983 proximum
544 899 622 962 mihi
652 898 780 962 videtur
810 900 950 982 accipere
972 904 1105 982 potitam,
1128 899 1322 963 enumeratis

209 1024 326 1105 quibus
354 1024 510 1089 laboraret
540 1024 700 1089 Hannibal
730 1026 900 1107 aerumnis,
923 1025 1075 1089 frumenti
1097 1027 1212 1109 inopia,
1235 1030 1322 1089 metu

207 1149 376 1233 dictatorie,
411 1152 569 1214 sociorum
607 1151 769 1234 seditione,
803 1151 853 1214 his
890 1153 981 1235 quasi
1015 1152 1182 1215 cumulum
1213 1151 1322 1216 afferre

206 1276 356 1360 voluisse,
369 1298 471 1361 quum
488 1277 622 1362 fingeret
635 1278 719 1342 demi
733 1297 862 1361 quoque
873 1277 1046 1341 Hannibali
1058 1279 1162 1342 resisti
1175 1284 1322 1361 coeptum

208 1419 286 1485 esse,
310 1421 411 1487 eoque
434 1405 552 1467 maiore
572 1405 714 1467 veritatis
737 1405 840 1487 specie
862 1403 964 1467 facere
987 1403 1047 1466 hcc
1069 1407 1200 1487 poterat,
1221 1423 1322 1486 quum

209 1533 339 1610 constet,
358 1528 559 1611 Hannonem,
570 1530 657 1613 genti
668 1528 830 1611 Barcinae,
842 1547 883 1593 ex
896 1549 960 1613 qua
971 1528 1127 1593 oriundus
1139 1534 1223 1593 esset
1233 1528 1323 1591 Han·

208 1653 303 1732 nibal,
326 1655 578 1738 infestissimum,
600 1655 639 1718 ab
662 1655 752 1718 initio
774 1654 849 1718 belli
867 1674 1032 1739 nunquam
1054 1656 1185 1719 desiisse
1205 1653 1322 1719 bellum

209 1780 394 1846 dissuadere
407 1779 438 1864 ¹).
472 1781 603 1865 Semper
636 1780 870 1844 observandum
904 1786 952 1845 est
985 1781 1055 1845 Silii
1086 1780 1328 1864 interpretibus,

210 1907 296 1989 quod
325 1906 556 1988 Heynacherus
587 1908 712 1990 saepius
744 1906 892 1990 neglexit,
915 1910 1039 1989 poetam
1070 1910 1232 1988 poetarum
1258 1925 1323 1969 non

209 2031 434 2096 historicorum
458 2033 551 2096 medo
574 2037 797 2117 argumentum
821 2053 915 2097 suum
940 2034 1132 2114 tractavisse,
1156 2050 1261 2115 neque
1285 2031 1324 2094 ad

210 2160 364 2224 amussim
389 2159 582 2242 exigendum
601 2157 694 2222 nobis
717 2177 795 2240 esse,
814 2163 922 2222 utrum
943 2176 1066 2240 semper
1084 2177 1158 2221 cum
1179 2158 1323 2241 exemplo

210 2302 271 2347 suo
294 2288 449 2368 congruat
471 2302 579 2348 necne.

252 2409 367 2493 Neque
389 2409 474 2493 apud
496 2407 623 2472 Livium
645 2409 743 2473 huius
762 2409 807 2472 rei
831 2408 963 2491 vestigia
984 2427 1116 2491 prorsus
1140 2407 1263 2471 desunt.
1285 2407 1324 2487 In

209 2538 353 2600 oratione
382 2535 472 2599 Fabii
498 2535 632 2599 Maximi
656 2535 695 2599 ad
719 2535 891 2598 Aemilium
914 2534 1062 2613 Paulum,
1085 2535 1124 2599 ad
1148 2536 1322 2599 exercitum

209 2662 435 2746 profecturum,
466 2681 539 2746 ergo
571 2666 643 2726 ante
666 2681 806 2745 pugnam
830 2660 1028 2725 Cannensem
1051 2659 1170 2743 (XXII.
1197 2662 1247 2724 39.
1273 2662 1324 2740 15)

208 2787 347 2872 legimus
377 2789 454 2852 baec
481 2788 594 2852 verba:
629 2788 781 2869 „dubitas
812 2807 895 2871 ergo,
926 2789 1004 2871 quin
1035 2788 1173 2851 sedendo
1197 2806 1325 2870 supera-

210 2916 276 2979 turi
307 2916 407 2979 simus
436 2934 518 2996 eum,
542 2916 598 2998 qui
625 2919 767 2978 senescat
788 2916 821 2977 in
846 2915 921 2996 dies,
943 2933 1006 2977 non
1032 2919 1236 2996 commeatus
1259 2933 1324 2976 non

210 3040 564 3125 supplementum,
594 3059 657 3103 non
681 3041 849 3123 pecuniam
873 3040 1032 3104 habeat?’'

254 3165 324 3248 Hie,
355 3185 433 3248 quas
465 3165 541 3247 dixi,
570 3165 666 3229 rebus
689 3165 829 3230 adversis
853 3171 1029 3230 commotus
1052 3167 1135 3250 capit
1158 3165 1321 3230 Hannibal

211 3292 380 3356 consilium
403 3311 445 3356 ex
467 3291 595 3355 Samnio
617 3293 651 3354 in
675 3293 825 3376 Apuliam
848 3293 1005 3374 movendi,
1028 3298 1064 3357 ut
1084 3291 1196 3356 Livius
1215 3291 1326 3355 XXII.

211 3419 254 3480 43
278 3417 370 3482 nobis
399 3418 509 3482 tradit:
538 3417 692 3499 „Movere
714 3418 788 3482 inde
811 3420 921 3482 statuit
942 3420 977 3481 in
1000 3418 1148 3482 calidiora
1171 3423 1266 3501 atque
1289 3437 1326 3482 eo

211 3546 382 3608 maturiora
411 3544 569 3608 messibus
599 3543 735 3626 Apuliae
766 3542 842 3626 loca,
869 3544 964 3607 simul
989 3544 1085 3626 quod,
1109 3563 1172 3627 que
1195 3542 1324 3627 longius

211 3671 250 3736 ab
280 3673 369 3736 hoste
399 3672 588 3752 recessisset,
616 3669 792 3754 transfugia
813 3669 1012 3754 impeditiora
1033 3669 1158 3734 levibus
1182 3671 1319 3753 ingeniis

211 3797 345 3880 essent,'’
375 3803 406 3861 et
435 3796 545 3879 Polyb.
576 3796 634 3860 ΙΠ.
664 3796 725 3859 107
760 3793 990 3878 ηπαραδιδόντας
1022 3793 1266 3876 reimpetrata
1290 3795 1323 3858 ἐκ

209 3927 265 3987 τῶν
295 3921 426 3987 ἐπετείων
455 3925 571 4002 καρπῶν
599 3919 750 4002 χορηγίαν,
784 3919 865 3985 ἐκίνει
898 3919 950 3993 τὴν
981 3918 1104 3998 δύναμιν
1127 3920 1159 3984 ἐκ
1185 3923 1236 3984 τοῦ
1260 3917 1324 3999 περὶ

210 4051 243 4114 ab
266 4047 402 4131 Praedator
423 4047 555 4130 χάρακας
578 4047 731 4125 Ἀννίβας.
755 4048 844 4112 Haec
865 4048 1016 4112 historici.

215 4219 358 4228 ι---....-.

243 4321 271 4386 l)
290 4322 325 4372 cl.
343 4322 379 4373 Sil
406 4320 638 4385 11.276sqq;1v.
657 4318 717 4383 771;
736 4319 823 4369 Livius
840 4319 908 4369 xxi.
926 4317 959 4382 33
977 4318 1036 4369 ibid.
1055 4315 1078 4369 9.
