3360 5116
930 603 975 664 84

386 814 426 870 ut
445 809 538 872 toties
559 807 645 890 usui,
666 810 714 872 sic
733 809 796 871 hoc
816 829 946 892 quoque
968 810 1037 872 loeo
1061 809 1160 872 Silius
1181 817 1313 872 secutus
1334 813 1392 871 est
1414 805 1499 870 Ioco

386 931 514 996 laudato
534 933 837 1017 legimush'lamiuii
856 934 969 998 rerba:
995 935 1263 1014 ‚effodiant
1285 931 1500 1015 siguum'’.

389 1056 462 1121 Una
489 1058 616 1122 litmula
643 1067 765 1123 mutata
793 1080 924 1144 unaque
952 1060 1060 1123 addita
1081 1062 1190 1122 omnia
1210 1066 1296 1123 recte
1318 1079 1354 1122 se
1375 1057 1500 1122 habeut

388 1181 543 1266 legatur:
573 1184 756 1248 effossa
777 1186 903 1250 mole.
925 1185 1035 1267 Moles,
1053 1183 1502 1268 utDausqueiusiamridit

388 1314 438 1371 est
470 1309 576 1374 solum
607 1311 691 1373 cirea
724 1312 853 1394 siguum
884 1312 1104 1394 constipatum
1133 1309 1215 1374 Inde
1243 1311 1340 1373 etiam
1367 1310 1502 1372 humo

388 1433 565 1516 lacera,
587 1436 654 1499 scih
674 1436 859 1500 mediando.
883 1435 946 1510 Qui
977 1438 1064 1500 euim
1083 1435 1230 1500 vellendo
1252 1440 1377 1498 mutum
1399 1435 1503 1497 lacera

390 1559 1392 1643 esseposaetfflaecverbauisidehacredictaaocipias,
1415 1559 1503 1622 omui

390 1703 489 1749 seusu
510 1693 625 1750 carent

436 1966 489 2030 Sit
512 1967 552 2030 V.
575 1970 657 2032 489:

436 2103 555 2170 Cohors
573 2105 690 2200 Sicula,
710 2112 853 2170 extremo
871 2107 1012 2190 periculo
1023 2114 1139 2188 coacta,
1150 2107 1337 2191 confugitin
1348 2106 1503 2183 arborem,

391 2230 485 2294 cuius
505 2232 587 2293 rami
608 2249 706 2313 supra
723 2231 855 2294 modum
872 2233 995 2295 onerati
1017 2231 1233 2296 succumbunt
1254 2231 1393 2316 ponderi.

478 2393 553 2457 Huc
573 2393 728 2458 Hennaea
750 2394 872 2477 cohors,
891 2394 1066 2477 Triquetris
1090 2415 1187 2478 quam
1209 2397 1340 2459 miserat
1362 2396 1426 2458 oris

477 2518 557 2596 Rex,
578 2520 747 2602 Arethusa,
768 2526 853 2603 tuus,
874 2519 1041 2584 defendere
1063 2521 1172 2584 nescia
1191 2523 1288 2584 morti
1332 2607 1335 2614 ,

477 2644 633 2728 Dedecus,
654 2652 686 2710 et
708 2653 847 2711 mentam
867 2648 968 2710 nimio
990 2652 1113 2710 mutata
1132 2666 1259 2732 pavore,

478 2770 629 2836 Certatim
651 2791 721 2838 sese
742 2772 825 2854 tulit,
846 2772 1107 2856 adscendeusque
1129 2775 1270 2838 vicissim

478 2899 600 2964 Pressit
620 2905 768 2964 nutantes
788 2901 909 2964 incerto
932 2899 1071 2984 pondere
1092 2920 1205 2964 ramos

436 3074 501 3140 Gur
527 3076 654 3160 pondus
682 3076 742 3138 hoe
770 3077 927 3140 incertum
950 3075 1134 3159 appelletur,
1154 3095 1221 3140 nou
1241 3095 1403 3159 assequor.
1428 3073 1504 3139 Cer-

390 3201 551 3266 tissimum
573 3200 674 3264 multo
695 3202 796 3285 magis
818 3207 893 3264 erat
915 3199 1026 3282 Nemo,
1045 3201 1147 3283 credo,
1166 3199 1332 3284 dubitabit,
1350 3202 1431 3284 quin
1450 3200 1505 3263 hic

390 3328 480 3392 locus
513 3330 590 3392 vitio
619 3328 758 3411 quodam
787 3327 907 3392 laboret
936 3347 1058 3411 proque
1088 3327 1185 3392 verbo
1207 3329 1391 3392 incerto
1414 3327 1504 3391 aliud

391 3455 500 3518 sensui
521 3454 622 3538 magis
644 3454 919 3519 accommodatum
941 3453 1202 3518 substimeudum
1224 3455 1273 3517 sit
1296 3451 1381 3530 Quid
1399 3453 1505 3518 vero?

391 3576 488 3642 Haud
520 3578 631 3663 procul
664 3597 684 3642 a
716 3565 791 3642 vero
825 3578 935 3644 abesse
967 3597 1020 3642 me
1050 3584 1136 3662 pute,
1165 3579 1274 3662 legens
1303 3579 1505 3642 insueto

391 3704 601 3786 pondere.
646 3703 779 3781 Mutatio
812 3706 985 3788 perexigua
1018 3708 1075 3785 est,
1107 3723 1210 3787 eoque
1239 3704 1367 3768 defendi
1387 3710 1500 3788 potest,

392 3830 479 3914 quod
511 3836 634 3894 constat
665 3831 823 3914 Poggium
856 3851 982 3894 summa
1016 3849 1090 3895 cum
1119 3831 1321 3900 festinatione
1352 3835 1498 3894 coactum

389 3955 489 4020 sitisse
521 3956 660 4022 codicem
690 3956 873 4022 describere.
904 3955 996 4033 Quod
1028 3958 1056 4020 si
1084 3957 1173 4042 legis,
1195 3958 1241 4020 nii
1265 3958 1353 4022 deest
1375 3964 1504 4022 senten-

390 4082 460 4146 tiae.
482 4081 612 4146 Insueto
641 4083 660 4145 i.
684 4101 708 4146 e.
743 4101 826 4146 novo
848 4082 987 4166 pondere
1020 4084 1151 4164 onerati,
1182 4083 1298 4146 molem
1320 4084 1407 4146 illam
1431 4103 1501 4148 sus-

390 4208 490 4272 tinere
523 4213 687 4290 nequeunt
719 4209 809 4286 rami,
845 4227 908 4291 quo
930 4206 975 4290 fit,
1000 4213 1036 4270 ut
1058 4226 1133 4270 cum
1157 4207 1342 4272 homiuibus
1365 4209 1506 4274 insiden-

388 4330 474 4396 tibus
501 4336 660 4396 corruant.
