<?xml version="1.0" encoding="UTF-8"?>
<!DOCTYPE html PUBLIC "-//W3C//DTD XHTML 1.0 Transitional//EN"
    "http://www.w3.org/TR/xhtml1/DTD/xhtml1-transitional.dtd">
<html xmlns="http://www.w3.org/1999/xhtml" xml:lang="en" lang="en">
 <head>
  <title>
</title>
<meta http-equiv="Content-Type" content="text/html;charset=utf-8" />
  <meta name='ocr-system' content='tesseract 3.04.00' />
  <meta name='ocr-capabilities' content='ocr_page ocr_carea ocr_par ocr_line ocrx_word'/>
</head>
<body>
  <div class='ocr_page' id='page_1' title='image "./quaestionessili00veengoog_0023.png"; bbox 0 0 3364 5118; ppageno 0'>
   <div class='ocr_carea' id='block_1_1' title="bbox 911 547 950 608">
    <p class='ocr_par' dir='ltr' id='par_1_1' title="bbox 911 547 950 608">
     <span class='ocr_line' id='line_1_1' title="bbox 911 547 950 608; baseline 0.026 -1"><span class='ocrx_word' id='word_1_1' title='bbox 911 547 950 608; x_wconf 88' lang='grc'>10</span> 
     </span>
    </p>
   </div>
   <div class='ocr_carea' id='block_1_2' title="bbox 371 755 1481 839">
    <p class='ocr_par' dir='ltr' id='par_1_2' title="bbox 371 755 1481 839">
     <span class='ocr_line' id='line_1_2' title="bbox 371 755 1481 839; baseline -0.001 -20"><span class='ocrx_word' id='word_1_2' title='bbox 371 775 467 838; x_wconf 89' lang='lat' dir='ltr'>quam</span> <span class='ocrx_word' id='word_1_3' title='bbox 489 758 521 817; x_wconf 92' lang='lat' dir='ltr'>in</span> <span class='ocrx_word' id='word_1_4' title='bbox 545 755 614 819; x_wconf 83' lang='lat' dir='ltr'>Silii</span> <span class='ocrx_word' id='word_1_5' title='bbox 637 773 730 838; x_wconf 92' lang='lat' dir='ltr'>opere</span> <span class='ocrx_word' id='word_1_6' title='bbox 752 756 966 838; x_wconf 89' lang='lat' dir='ltr'>percensendo</span> <span class='ocrx_word' id='word_1_7' title='bbox 991 760 1166 839; x_wconf 90' lang='lat' dir='ltr'>sequantur</span> <span class='ocrx_word' id='word_1_8' title='bbox 1181 757 1368 838; x_wconf 81' lang='lat' dir='ltr'>interpretes</span> <span class='ocrx_word' id='word_1_9' title='bbox 1390 773 1481 839; x_wconf 93' lang='lat' dir='ltr'>opor·</span> 
     </span>
    </p>
   </div>
   <div class='ocr_carea' id='block_1_3' title="bbox 343 880 1483 3836">
    <p class='ocr_par' dir='ltr' id='par_1_3' title="bbox 343 880 1481 2454">
     <span class='ocr_line' id='line_1_3' title="bbox 369 880 1480 964; baseline 0 -20"><span class='ocrx_word' id='word_1_10' title='bbox 369 885 422 962; x_wconf 90' lang='lat' dir='ltr'>tet,</span> <span class='ocrx_word' id='word_1_11' title='bbox 452 885 548 962; x_wconf 89' lang='lat' dir='ltr'>atque</span> <span class='ocrx_word' id='word_1_12' title='bbox 578 880 771 944; x_wconf 88' lang='lat' dir='ltr'>demonstrat</span> <span class='ocrx_word' id='word_1_13' title='bbox 800 881 939 963; x_wconf 90' lang='lat' dir='ltr'>primum</span> <span class='ocrx_word' id='word_1_14' title='bbox 971 883 1123 962; x_wconf 86' lang='lat' dir='ltr'>omnium,</span> <span class='ocrx_word' id='word_1_15' title='bbox 1146 882 1297 964; x_wconf 87' lang='lat' dir='ltr'>temporis</span> <span class='ocrx_word' id='word_1_16' title='bbox 1326 881 1480 946; x_wconf 89' lang='lat' dir='ltr'>rationem</span> 
     </span>
     <span class='ocr_line' id='line_1_4' title="bbox 369 1006 1480 1090; baseline 0 -20"><span class='ocrx_word' id='word_1_17' title='bbox 369 1026 438 1071; x_wconf 88' lang='lat' dir='ltr'>esse</span> <span class='ocrx_word' id='word_1_18' title='bbox 472 1006 657 1089; x_wconf 90' lang='lat' dir='ltr'>habendam,</span> <span class='ocrx_word' id='word_1_19' title='bbox 684 1026 747 1090; x_wconf 93' lang='lat' dir='ltr'>quo</span> <span class='ocrx_word' id='word_1_20' title='bbox 780 1011 893 1090; x_wconf 72' lang='lat' dir='ltr'>poema</span> <span class='ocrx_word' id='word_1_21' title='bbox 921 1008 1073 1090; x_wconf 89' lang='lat' dir='ltr'>scriptum</span> <span class='ocrx_word' id='word_1_22' title='bbox 1103 1008 1153 1088; x_wconf 85' lang='lat' dir='ltr'>sit,</span> <span class='ocrx_word' id='word_1_23' title='bbox 1185 1007 1278 1071; x_wconf 88' lang='lat' dir='ltr'>cuius</span> <span class='ocrx_word' id='word_1_24' title='bbox 1308 1012 1373 1070; x_wconf 89' lang='lat' dir='ltr'>tam</span> <span class='ocrx_word' id='word_1_25' title='bbox 1395 1007 1480 1070; x_wconf 86' lang='lat' dir='ltr'>vitiis</span> 
     </span>
     <span class='ocr_line' id='line_1_5' title="bbox 371 1129 1478 1215; baseline 0 -21"><span class='ocrx_word' id='word_1_26' title='bbox 371 1150 467 1215; x_wconf 89' lang='lat' dir='ltr'>quam</span> <span class='ocrx_word' id='word_1_27' title='bbox 491 1130 661 1195; x_wconf 83' lang='lat' dir='ltr'>virtutibus</span> <span class='ocrx_word' id='word_1_28' title='bbox 683 1129 842 1194; x_wconf 90' lang='lat' dir='ltr'>imbutum</span> <span class='ocrx_word' id='word_1_29' title='bbox 865 1132 913 1194; x_wconf 91' lang='lat' dir='ltr'>sit.</span> <span class='ocrx_word' id='word_1_30' title='bbox 937 1131 1046 1195; x_wconf 85' lang='lat' dir='ltr'>Altera</span> <span class='ocrx_word' id='word_1_31' title='bbox 1068 1136 1155 1214; x_wconf 90' lang='lat' dir='ltr'>parte</span> <span class='ocrx_word' id='word_1_32' title='bbox 1177 1136 1346 1215; x_wconf 89' lang='lat' dir='ltr'>pertractat</span> <span class='ocrx_word' id='word_1_33' title='bbox 1369 1135 1478 1214; x_wconf 82' lang='lat' dir='ltr'>poetae</span> 
     </span>
     <span class='ocr_line' id='line_1_6' title="bbox 368 1256 1481 1342; baseline 0 -22"><span class='ocrx_word' id='word_1_34' title='bbox 368 1256 455 1320; x_wconf 91' lang='lat' dir='ltr'>locos</span> <span class='ocrx_word' id='word_1_35' title='bbox 476 1258 551 1321; x_wconf 91' lang='lat' dir='ltr'>hinc</span> <span class='ocrx_word' id='word_1_36' title='bbox 572 1258 660 1321; x_wconf 90' lang='lat' dir='ltr'>illino</span> <span class='ocrx_word' id='word_1_37' title='bbox 683 1257 838 1340; x_wconf 72' lang='lat' dir='ltr'>collectos</span> <span class='ocrx_word' id='word_1_38' title='bbox 861 1260 975 1342; x_wconf 89' lang='lat' dir='ltr'>partim</span> <span class='ocrx_word' id='word_1_39' title='bbox 995 1278 1069 1322; x_wconf 92' lang='lat' dir='ltr'>cum</span> <span class='ocrx_word' id='word_1_40' title='bbox 1088 1257 1172 1322; x_wconf 84' lang='lat' dir='ltr'>Livii</span> <span class='ocrx_word' id='word_1_41' title='bbox 1190 1259 1387 1323; x_wconf 81' lang='lat' dir='ltr'>enarratione</span> <span class='ocrx_word' id='word_1_42' title='bbox 1407 1277 1481 1320; x_wconf 91' lang='lat' dir='ltr'>con·</span> 
     </span>
     <span class='ocr_line' id='line_1_7' title="bbox 343 1373 1480 1467; baseline 0.004 -23"><span class='ocrx_word' id='word_1_43' title='bbox 343 1435 346 1444; x_wconf 92' lang='lat'><em>.</em></span> <span class='ocrx_word' id='word_1_44' title='bbox 368 1388 526 1466; x_wconf 74' lang='lat' dir='ltr'>gruenteS,</span> <span class='ocrx_word' id='word_1_45' title='bbox 548 1385 662 1466; x_wconf 88' lang='lat' dir='ltr'>partim</span> <span class='ocrx_word' id='word_1_46' title='bbox 685 1383 724 1446; x_wconf 90' lang='lat' dir='ltr'>ab</span> <span class='ocrx_word' id='word_1_47' title='bbox 746 1402 783 1447; x_wconf 93' lang='lat' dir='ltr'>eo</span> <span class='ocrx_word' id='word_1_48' title='bbox 804 1383 990 1466; x_wconf 85' lang='lat' dir='ltr'>differentes,</span> <span class='ocrx_word' id='word_1_49' title='bbox 1010 1383 1087 1448; x_wconf 82' lang='lat' dir='ltr'>ahos</span> <span class='ocrx_word' id='word_1_50' title='bbox 1108 1386 1177 1448; x_wconf 89' lang='lat' dir='ltr'>sine</span> <span class='ocrx_word' id='word_1_51' title='bbox 1197 1384 1293 1448; x_wconf 90' lang='lat' dir='ltr'>dubio</span> <span class='ocrx_word' id='word_1_52' title='bbox 1310 1373 1480 1467; x_wconf 70' lang='lat' dir='ltr'>fabulosos</span> 
     </span>
     <span class='ocr_line' id='line_1_8' title="bbox 371 1509 1481 1594; baseline 0.002 -22"><span class='ocrx_word' id='word_1_53' title='bbox 371 1510 457 1590; x_wconf 90' lang='lat' dir='ltr'>alios,</span> <span class='ocrx_word' id='word_1_54' title='bbox 481 1510 540 1573; x_wconf 91' lang='lat' dir='ltr'>etsi</span> <span class='ocrx_word' id='word_1_55' title='bbox 563 1510 728 1573; x_wconf 80' lang='lat' dir='ltr'>historicae</span> <span class='ocrx_word' id='word_1_56' title='bbox 750 1509 824 1573; x_wconf 87' lang='lat' dir='ltr'>fidei</span> <span class='ocrx_word' id='word_1_57' title='bbox 848 1512 982 1593; x_wconf 89' lang='lat' dir='ltr'>speciem</span> <span class='ocrx_word' id='word_1_58' title='bbox 1005 1530 1079 1594; x_wconf 89' lang='lat' dir='ltr'>prae</span> <span class='ocrx_word' id='word_1_59' title='bbox 1103 1530 1137 1575; x_wconf 94' lang='lat' dir='ltr'>se</span> <span class='ocrx_word' id='word_1_60' title='bbox 1158 1510 1303 1592; x_wconf 91' lang='lat' dir='ltr'>ferentes,</span> <span class='ocrx_word' id='word_1_61' title='bbox 1322 1515 1428 1576; x_wconf 89' lang='lat' dir='ltr'>tamen</span> <span class='ocrx_word' id='word_1_62' title='bbox 1447 1513 1481 1575; x_wconf 90' lang='lat' dir='ltr'>in</span> 
     </span>
     <span class='ocr_line' id='line_1_9' title="bbox 370 1635 1480 1719; baseline 0.003 -21"><span class='ocrx_word' id='word_1_63' title='bbox 370 1635 549 1698; x_wconf 89' lang='lat' dir='ltr'>fabularum</span> <span class='ocrx_word' id='word_1_64' title='bbox 574 1654 706 1699; x_wconf 92' lang='lat' dir='ltr'>censum</span> <span class='ocrx_word' id='word_1_65' title='bbox 730 1635 917 1699; x_wconf 89' lang='lat' dir='ltr'>referendos.</span> <span class='ocrx_word' id='word_1_66' title='bbox 940 1635 979 1698; x_wconf 91' lang='lat' dir='ltr'>In</span> <span class='ocrx_word' id='word_1_67' title='bbox 1003 1635 1066 1700; x_wconf 88' lang='lat' dir='ltr'>fine</span> <span class='ocrx_word' id='word_1_68' title='bbox 1087 1635 1185 1700; x_wconf 90' lang='lat' dir='ltr'>libelli</span> <span class='ocrx_word' id='word_1_69' title='bbox 1209 1637 1248 1719; x_wconf 85' lang='lat' dir='ltr'>(p.</span> <span class='ocrx_word' id='word_1_70' title='bbox 1262 1637 1314 1719; x_wconf 85' lang='grc'>56)</span> <span class='ocrx_word' id='word_1_71' title='bbox 1326 1637 1480 1701; x_wconf 92' lang='lat' dir='ltr'>iudicium</span> 
     </span>
     <span class='ocr_line' id='line_1_10' title="bbox 370 1760 1480 1844; baseline 0.001 -18"><span class='ocrx_word' id='word_1_72' title='bbox 370 1781 468 1826; x_wconf 91' lang='lat' dir='ltr'>suum</span> <span class='ocrx_word' id='word_1_73' title='bbox 498 1761 547 1824; x_wconf 91' lang='lat' dir='ltr'>his</span> <span class='ocrx_word' id='word_1_74' title='bbox 578 1760 643 1824; x_wconf 86' lang='lat' dir='ltr'>fere</span> <span class='ocrx_word' id='word_1_75' title='bbox 673 1760 778 1825; x_wconf 90' lang='lat' dir='ltr'>verbis</span> <span class='ocrx_word' id='word_1_76' title='bbox 801 1763 946 1844; x_wconf 76' lang='lat' dir='ltr'>concipit,</span> <span class='ocrx_word' id='word_1_77' title='bbox 970 1760 1046 1825; x_wconf 84' lang='lat' dir='ltr'>Silio</span> <span class='ocrx_word' id='word_1_78' title='bbox 1068 1760 1142 1824; x_wconf 92' lang='lat' dir='ltr'>fidei</span> <span class='ocrx_word' id='word_1_79' title='bbox 1165 1762 1332 1827; x_wconf 84' lang='lat' dir='ltr'>historicae</span> <span class='ocrx_word' id='word_1_80' title='bbox 1354 1763 1480 1828; x_wconf 87' lang='lat' dir='ltr'>laudem</span> 
     </span>
     <span class='ocr_line' id='line_1_11' title="bbox 371 1886 1481 1970; baseline -0.001 -19"><span class='ocrx_word' id='word_1_81' title='bbox 371 1887 609 1970; x_wconf 81' lang='lat' dir='ltr'>derogandam,</span> <span class='ocrx_word' id='word_1_82' title='bbox 625 1891 655 1950; x_wconf 89' lang='lat' dir='ltr'>et</span> <span class='ocrx_word' id='word_1_83' title='bbox 688 1886 869 1970; x_wconf 85' lang='lat' dir='ltr'>negandum</span> <span class='ocrx_word' id='word_1_84' title='bbox 905 1905 979 1950; x_wconf 91' lang='lat' dir='ltr'>eum</span> <span class='ocrx_word' id='word_1_85' title='bbox 1014 1892 1174 1950; x_wconf 83' lang='lat' dir='ltr'>auctorem</span> <span class='ocrx_word' id='word_1_86' title='bbox 1209 1906 1286 1969; x_wconf 88' lang='lat' dir='ltr'>esse,</span> <span class='ocrx_word' id='word_1_87' title='bbox 1316 1906 1413 1970; x_wconf 91' lang='lat' dir='ltr'>quem</span> <span class='ocrx_word' id='word_1_88' title='bbox 1446 1889 1481 1950; x_wconf 90' lang='lat' dir='ltr'>in</span> 
     </span>
     <span class='ocr_line' id='line_1_12' title="bbox 370 2011 1479 2097; baseline -0.001 -21"><span class='ocrx_word' id='word_1_89' title='bbox 370 2013 465 2077; x_wconf 89' lang='lat' dir='ltr'>rebus</span> <span class='ocrx_word' id='word_1_90' title='bbox 499 2014 627 2076; x_wconf 88' lang='lat' dir='ltr'>incertis</span> <span class='ocrx_word' id='word_1_91' title='bbox 662 2014 753 2096; x_wconf 91' lang='lat' dir='ltr'>sequi</span> <span class='ocrx_word' id='word_1_92' title='bbox 782 2014 950 2097; x_wconf 90' lang='lat' dir='ltr'>possimus.</span> <span class='ocrx_word' id='word_1_93' title='bbox 981 2011 1072 2088; x_wconf 80' lang='lat' dir='ltr'>Quod</span> <span class='ocrx_word' id='word_1_94' title='bbox 1096 2013 1136 2077; x_wconf 87' lang='lat' dir='ltr'>ad</span> <span class='ocrx_word' id='word_1_95' title='bbox 1156 2012 1259 2077; x_wconf 92' lang='lat' dir='ltr'>fontes</span> <span class='ocrx_word' id='word_1_96' title='bbox 1282 2014 1400 2094; x_wconf 82' lang='lat' dir='ltr'>attinet,</span> <span class='ocrx_word' id='word_1_97' title='bbox 1422 2032 1479 2096; x_wconf 92' lang='lat' dir='ltr'>pro</span> 
     </span>
     <span class='ocr_line' id='line_1_13' title="bbox 370 2136 1480 2221; baseline 0 -20"><span class='ocrx_word' id='word_1_98' title='bbox 370 2143 455 2202; x_wconf 89' lang='lat' dir='ltr'>certo</span> <span class='ocrx_word' id='word_1_99' title='bbox 489 2138 586 2221; x_wconf 90' lang='lat' dir='ltr'>ponit,</span> <span class='ocrx_word' id='word_1_100' title='bbox 617 2157 691 2201; x_wconf 92' lang='lat' dir='ltr'>eum</span> <span class='ocrx_word' id='word_1_101' title='bbox 715 2139 898 2221; x_wconf 88' lang='lat' dir='ltr'>saepissime</span> <span class='ocrx_word' id='word_1_102' title='bbox 920 2136 1047 2202; x_wconf 82' lang='lat' dir='ltr'>Livium</span> <span class='ocrx_word' id='word_1_103' title='bbox 1071 2157 1140 2202; x_wconf 89' lang='lat' dir='ltr'>esse</span> <span class='ocrx_word' id='word_1_104' title='bbox 1163 2144 1317 2221; x_wconf 89' lang='lat' dir='ltr'>secutum,</span> <span class='ocrx_word' id='word_1_105' title='bbox 1339 2138 1480 2202; x_wconf 81' lang='lat' dir='ltr'>Ennium</span> 
     </span>
     <span class='ocr_line' id='line_1_14' title="bbox 371 2262 1481 2347; baseline -0.001 -20"><span class='ocrx_word' id='word_1_106' title='bbox 371 2268 487 2340; x_wconf 71' lang='lat' dir='ltr'>eontra,</span> <span class='ocrx_word' id='word_1_107' title='bbox 511 2264 636 2327; x_wconf 88' lang='lat' dir='ltr'>etiamsi</span> <span class='ocrx_word' id='word_1_108' title='bbox 664 2262 798 2326; x_wconf 87' lang='lat' dir='ltr'>fortasse</span> <span class='ocrx_word' id='word_1_109' title='bbox 820 2263 962 2328; x_wconf 82' lang='lat' dir='ltr'>Annales</span> <span class='ocrx_word' id='word_1_110' title='bbox 985 2265 1175 2347; x_wconf 84' lang='lat' dir='ltr'>cognoverit,</span> <span class='ocrx_word' id='word_1_111' title='bbox 1197 2265 1231 2326; x_wconf 93' lang='lat' dir='ltr'>in</span> <span class='ocrx_word' id='word_1_112' title='bbox 1258 2265 1396 2328; x_wconf 87' lang='lat' dir='ltr'>carmine</span> <span class='ocrx_word' id='word_1_113' title='bbox 1419 2262 1481 2326; x_wconf 92' lang='lat' dir='ltr'>ela·</span> 
     </span>
     <span class='ocr_line' id='line_1_15' title="bbox 374 2387 816 2454; baseline -0.007 -1"><span class='ocrx_word' id='word_1_114' title='bbox 374 2389 515 2454; x_wconf 90' lang='lat' dir='ltr'>borando</span> <span class='ocrx_word' id='word_1_115' title='bbox 538 2408 602 2452; x_wconf 90' lang='lat' dir='ltr'>non</span> <span class='ocrx_word' id='word_1_116' title='bbox 626 2387 816 2452; x_wconf 88' lang='lat' dir='ltr'>adhibuisse.</span> 
     </span>
    </p>

    <p class='ocr_par' dir='ltr' id='par_1_4' title="bbox 370 2513 1482 2832">
     <span class='ocr_line' id='line_1_16' title="bbox 414 2513 1482 2597; baseline 0 -19"><span class='ocrx_word' id='word_1_117' title='bbox 414 2514 519 2578; x_wconf 88' lang='lat' dir='ltr'>Unam</span> <span class='ocrx_word' id='word_1_118' title='bbox 547 2513 740 2597; x_wconf 87' lang='lat' dir='ltr'>alteramque</span> <span class='ocrx_word' id='word_1_119' title='bbox 762 2519 892 2596; x_wconf 90' lang='lat' dir='ltr'>partem,</span> <span class='ocrx_word' id='word_1_120' title='bbox 914 2513 1032 2596; x_wconf 90' lang='lat' dir='ltr'>quibus</span> <span class='ocrx_word' id='word_1_121' title='bbox 1054 2515 1161 2577; x_wconf 90' lang='lat' dir='ltr'>minus</span> <span class='ocrx_word' id='word_1_122' title='bbox 1185 2519 1268 2578; x_wconf 87' lang='lat' dir='ltr'>recte</span> <span class='ocrx_word' id='word_1_123' title='bbox 1290 2514 1482 2579; x_wconf 86' lang='lat' dir='ltr'>iudicavisse</span> 
     </span>
     <span class='ocr_line' id='line_1_17' title="bbox 370 2617 1482 2724; baseline 0.001 -20"><span class='ocrx_word' id='word_1_124' title='bbox 370 2642 449 2704; x_wconf 91' lang='lat' dir='ltr'>mihi</span> <span class='ocrx_word' id='word_1_125' title='bbox 474 2641 608 2723; x_wconf 86' lang='lat' dir='ltr'>videtur,</span> <span class='ocrx_word' id='word_1_126' title='bbox 630 2640 724 2724; x_wconf 89' lang='lat' dir='ltr'>paulo</span> <span class='ocrx_word' id='word_1_127' title='bbox 748 2640 930 2724; x_wconf 82' lang='lat' dir='ltr'>diligentius</span> <span class='ocrx_word' id='word_1_128' title='bbox 953 2642 1108 2724; x_wconf 88' lang='lat' dir='ltr'>inspicere</span> <span class='ocrx_word' id='word_1_129' title='bbox 1124 2617 1263 2706; x_wconf 28' lang='lat' dir='ltr'>&#39;fortasse</span> <span class='ocrx_word' id='word_1_130' title='bbox 1286 2641 1373 2705; x_wconf 92' lang='lat' dir='ltr'>haud</span> <span class='ocrx_word' id='word_1_131' title='bbox 1395 2642 1482 2724; x_wconf 92' lang='lat' dir='ltr'>inep-</span> 
     </span>
     <span class='ocr_line' id='line_1_18' title="bbox 370 2769 534 2832; baseline -0.012 -1"><span class='ocrx_word' id='word_1_132' title='bbox 370 2774 440 2831; x_wconf 90' lang='lat' dir='ltr'>tum</span> <span class='ocrx_word' id='word_1_133' title='bbox 467 2769 534 2832; x_wconf 85' lang='lat' dir='ltr'>erit.</span> 
     </span>
    </p>

    <p class='ocr_par' dir='ltr' id='par_1_5' title="bbox 358 2889 1483 3727">
     <span class='ocr_line' id='line_1_19' title="bbox 413 2889 1483 2977; baseline -0.002 -20"><span class='ocrx_word' id='word_1_134' title='bbox 413 2893 449 2957; x_wconf 90' lang='lat' dir='ltr'>P.</span> <span class='ocrx_word' id='word_1_135' title='bbox 483 2895 525 2956; x_wconf 83' lang='lat'>25</span> <span class='ocrx_word' id='word_1_136' title='bbox 539 2913 606 2977; x_wconf 89' lang='lat' dir='ltr'>sqq.</span> <span class='ocrx_word' id='word_1_137' title='bbox 641 2897 753 2956; x_wconf 87' lang='lat' dir='ltr'>tractat</span> <span class='ocrx_word' id='word_1_138' title='bbox 784 2893 965 2956; x_wconf 82' lang='lat' dir='ltr'>varietatem</span> <span class='ocrx_word' id='word_1_139' title='bbox 997 2893 1163 2956; x_wconf 90' lang='lat' dir='ltr'>nominum</span> <span class='ocrx_word' id='word_1_140' title='bbox 1194 2892 1287 2975; x_wconf 86' lang='lat' dir='ltr'>apud·</span> <span class='ocrx_word' id='word_1_141' title='bbox 1300 2889 1428 2955; x_wconf 85' lang='lat' dir='ltr'>Livium</span> <span class='ocrx_word' id='word_1_142' title='bbox 1451 2895 1483 2955; x_wconf 90' lang='lat' dir='ltr'>et</span> 
     </span>
     <span class='ocr_line' id='line_1_20' title="bbox 370 3018 1483 3099; baseline -0.004 -17"><span class='ocrx_word' id='word_1_143' title='bbox 370 3018 483 3083; x_wconf 85' lang='lat' dir='ltr'>Silium</span> <span class='ocrx_word' id='word_1_144' title='bbox 515 3018 757 3099; x_wconf 89' lang='lat' dir='ltr'>occurrentium,</span> <span class='ocrx_word' id='word_1_145' title='bbox 783 3019 875 3080; x_wconf 90' lang='lat' dir='ltr'>cuius</span> <span class='ocrx_word' id='word_1_146' title='bbox 898 3018 945 3081; x_wconf 93' lang='lat' dir='ltr'>rei</span> <span class='ocrx_word' id='word_1_147' title='bbox 967 3018 1121 3099; x_wconf 86' lang='lat' dir='ltr'>originem</span> <span class='ocrx_word' id='word_1_148' title='bbox 1145 3021 1240 3099; x_wconf 86' lang='lat' dir='ltr'>atque</span> <span class='ocrx_word' id='word_1_149' title='bbox 1263 3035 1392 3079; x_wconf 90' lang='lat' dir='ltr'>oausam</span> <span class='ocrx_word' id='word_1_150' title='bbox 1414 3035 1483 3098; x_wconf 91' lang='lat' dir='ltr'>rep·</span> 
     </span>
     <span class='ocr_line' id='line_1_21' title="bbox 358 3133 1482 3228; baseline -0.003 -21"><span class='ocrx_word' id='word_1_151' title='bbox 358 3133 488 3228; x_wconf 78' lang='lat' dir='ltr'>&#39;perisse</span> <span class='ocrx_word' id='word_1_152' title='bbox 510 3143 571 3207; x_wconf 90' lang='lat' dir='ltr'>sibi</span> <span class='ocrx_word' id='word_1_153' title='bbox 591 3142 718 3207; x_wconf 86' lang='lat' dir='ltr'>videtur</span> <span class='ocrx_word' id='word_1_154' title='bbox 739 3143 774 3205; x_wconf 90' lang='lat' dir='ltr'>in</span> <span class='ocrx_word' id='word_1_155' title='bbox 798 3141 966 3205; x_wconf 82' lang='lat' dir='ltr'>altofonte</span> <span class='ocrx_word' id='word_1_156' title='bbox 990 3160 1015 3204; x_wconf 87' lang='lat' dir='ltr'>a·</span> <span class='ocrx_word' id='word_1_157' title='bbox 1031 3140 1107 3205; x_wconf 82' lang='lat' dir='ltr'>Silio</span> <span class='ocrx_word' id='word_1_158' title='bbox 1130 3141 1278 3204; x_wconf 88' lang='lat' dir='ltr'>adhibito.</span> <span class='ocrx_word' id='word_1_159' title='bbox 1297 3140 1385 3204; x_wconf 89' lang='lat' dir='ltr'>Inter</span> <span class='ocrx_word' id='word_1_160' title='bbox 1405 3141 1482 3204; x_wconf 84' lang='lat' dir='ltr'>ahos</span> 
     </span>
     <span class='ocr_line' id='line_1_22' title="bbox 370 3266 1482 3352; baseline -0.003 -19"><span class='ocrx_word' id='word_1_161' title='bbox 370 3272 445 3333; x_wconf 86' lang='lat' dir='ltr'>citat</span> <span class='ocrx_word' id='word_1_162' title='bbox 474 3269 651 3352; x_wconf 82' lang='lat' dir='ltr'>Magonem,</span> <span class='ocrx_word' id='word_1_163' title='bbox 677 3269 729 3332; x_wconf 88' lang='lat' dir='ltr'>cui</span> <span class='ocrx_word' id='word_1_164' title='bbox 760 3268 846 3351; x_wconf 89' lang='lat' dir='ltr'>apud</span> <span class='ocrx_word' id='word_1_165' title='bbox 868 3267 980 3332; x_wconf 87' lang='lat' dir='ltr'>Silium</span> <span class='ocrx_word' id='word_1_166' title='bbox 1003 3267 1160 3351; x_wconf 87' lang='lat' dir='ltr'>permulta</span> <span class='ocrx_word' id='word_1_167' title='bbox 1182 3266 1378 3349; x_wconf 87' lang='lat' dir='ltr'>tribuuntur,</span> <span class='ocrx_word' id='word_1_168' title='bbox 1401 3285 1482 3350; x_wconf 89' lang='lat' dir='ltr'>quae</span> 
     </span>
     <span class='ocr_line' id='line_1_23' title="bbox 368 3389 1483 3476; baseline -0.004 -17"><span class='ocrx_word' id='word_1_169' title='bbox 368 3395 458 3459; x_wconf 89' lang='lat' dir='ltr'>Livio</span> <span class='ocrx_word' id='word_1_170' title='bbox 491 3402 618 3459; x_wconf 89' lang='lat' dir='ltr'>auctore</span> <span class='ocrx_word' id='word_1_171' title='bbox 649 3394 688 3458; x_wconf 86' lang='lat' dir='ltr'>ab</span> <span class='ocrx_word' id='word_1_172' title='bbox 718 3394 787 3458; x_wconf 89' lang='lat' dir='ltr'>aliis</span> <span class='ocrx_word' id='word_1_173' title='bbox 819 3395 903 3458; x_wconf 89' lang='lat' dir='ltr'>dicta</span> <span class='ocrx_word' id='word_1_174' title='bbox 930 3398 961 3458; x_wconf 90' lang='lat' dir='ltr'>et</span> <span class='ocrx_word' id='word_1_175' title='bbox 982 3393 1065 3457; x_wconf 90' lang='lat' dir='ltr'>facta</span> <span class='ocrx_word' id='word_1_176' title='bbox 1088 3399 1171 3458; x_wconf 90' lang='lat' dir='ltr'>sunt.</span> <span class='ocrx_word' id='word_1_177' title='bbox 1196 3389 1266 3468; x_wconf 78' lang='lat' dir='ltr'>Qua</span> <span class='ocrx_word' id='word_1_178' title='bbox 1287 3394 1325 3457; x_wconf 91' lang='lat' dir='ltr'>de</span> <span class='ocrx_word' id='word_1_179' title='bbox 1347 3412 1382 3457; x_wconf 91' lang='lat' dir='ltr'>re</span> <span class='ocrx_word' id='word_1_180' title='bbox 1406 3392 1483 3476; x_wconf 91' lang='lat' dir='ltr'>quid</span> 
     </span>
     <span class='ocr_line' id='line_1_24' title="bbox 368 3518 1481 3605; baseline -0.005 -19"><span class='ocrx_word' id='word_1_181' title='bbox 368 3541 427 3605; x_wconf 86' lang='lat' dir='ltr'>ego</span> <span class='ocrx_word' id='word_1_182' title='bbox 463 3521 667 3586; x_wconf 88' lang='lat' dir='ltr'>sentiendum</span> <span class='ocrx_word' id='word_1_183' title='bbox 701 3539 771 3585; x_wconf 91' lang='lat' dir='ltr'>esse</span> <span class='ocrx_word' id='word_1_184' title='bbox 803 3526 921 3604; x_wconf 85' lang='lat' dir='ltr'>putem,</span> <span class='ocrx_word' id='word_1_185' title='bbox 954 3520 1025 3584; x_wconf 90' lang='lat' dir='ltr'>fuse</span> <span class='ocrx_word' id='word_1_186' title='bbox 1055 3525 1231 3603; x_wconf 84' lang='lat' dir='ltr'>exponetur</span> <span class='ocrx_word' id='word_1_187' title='bbox 1262 3520 1344 3583; x_wconf 86' lang='lat' dir='ltr'>infra</span> <span class='ocrx_word' id='word_1_188' title='bbox 1366 3519 1406 3583; x_wconf 92' lang='lat' dir='ltr'>ad</span> <span class='ocrx_word' id='word_1_189' title='bbox 1429 3518 1481 3582; x_wconf 83' lang='lat' dir='ltr'>Sil.</span> 
     </span>
     <span class='ocr_line' id='line_1_25' title="bbox 367 3643 571 3727; baseline -0.005 -18"><span class='ocrx_word' id='word_1_190' title='bbox 367 3646 440 3709; x_wconf 85' lang='lat' dir='ltr'>VH.</span> <span class='ocrx_word' id='word_1_191' title='bbox 463 3647 526 3709; x_wconf 89' lang='grc'>310</span> <span class='ocrx_word' id='word_1_192' title='bbox 542 3643 571 3727; x_wconf 88' lang='grc' dir='ltr'>Ι).</span> 
     </span>
    </p>

    <p class='ocr_par' dir='ltr' id='par_1_6' title="bbox 411 3770 1482 3836">
     <span class='ocr_line' id='line_1_26' title="bbox 411 3770 1482 3836; baseline -0.001 -2"><span class='ocrx_word' id='word_1_193' title='bbox 411 3771 447 3835; x_wconf 91' lang='lat' dir='ltr'>P.</span> <span class='ocrx_word' id='word_1_194' title='bbox 478 3773 528 3835; x_wconf 84' lang='lat'>35.</span> <span class='ocrx_word' id='word_1_195' title='bbox 561 3770 666 3836; x_wconf 82' lang='lat' dir='ltr'>Credit</span> <span class='ocrx_word' id='word_1_196' title='bbox 695 3771 809 3836; x_wconf 83' lang='lat' dir='ltr'>Silium</span> <span class='ocrx_word' id='word_1_197' title='bbox 839 3791 904 3835; x_wconf 89' lang='lat' dir='ltr'>non</span> <span class='ocrx_word' id='word_1_198' title='bbox 929 3791 970 3836; x_wconf 84' lang='lat' dir='ltr'>ex</span> <span class='ocrx_word' id='word_1_199' title='bbox 992 3770 1082 3834; x_wconf 84' lang='lat' dir='ltr'>Livio</span> <span class='ocrx_word' id='word_1_200' title='bbox 1105 3772 1249 3836; x_wconf 89' lang='lat' dir='ltr'>hausisse</span> <span class='ocrx_word' id='word_1_201' title='bbox 1270 3771 1482 3834; x_wconf 87' lang='lat' dir='ltr'>narrationem</span> 
     </span>
    </p>
   </div>
   <div class='ocr_carea' id='block_1_4' title="bbox 252 3897 1484 3982">
    <p class='ocr_par' dir='ltr' id='par_1_7' title="bbox 252 3897 1484 3982">
     <span class='ocr_line' id='line_1_27' title="bbox 252 3897 1484 3982; baseline -0.002 -18"><span class='ocrx_word' id='word_1_202' title='bbox 252 3957 255 3964; x_wconf 87' lang='grc'><em>.</em></span> <span class='ocrx_word' id='word_1_203' title='bbox 368 3899 565 3963; x_wconf 85' lang='lat' dir='ltr'>notissimam</span> <span class='ocrx_word' id='word_1_204' title='bbox 590 3899 629 3962; x_wconf 87' lang='lat' dir='ltr'>de</span> <span class='ocrx_word' id='word_1_205' title='bbox 653 3897 811 3982; x_wconf 84' lang='lat' dir='ltr'>Capuanis</span> <span class='ocrx_word' id='word_1_206' title='bbox 833 3897 952 3963; x_wconf 83' lang='lat' dir='ltr'>Romae</span> <span class='ocrx_word' id='word_1_207' title='bbox 971 3898 1184 3982; x_wconf 87' lang='lat' dir='ltr'>poscentibus,</span> <span class='ocrx_word' id='word_1_208' title='bbox 1205 3902 1242 3962; x_wconf 93' lang='lat' dir='ltr'>ut</span> <span class='ocrx_word' id='word_1_209' title='bbox 1259 3898 1388 3982; x_wconf 88' lang='lat' dir='ltr'>posthac</span> <span class='ocrx_word' id='word_1_210' title='bbox 1406 3897 1484 3961; x_wconf 84' lang='lat' dir='ltr'>alter</span> 
     </span>
    </p>
   </div>
   <div class='ocr_carea' id='block_1_5' title="bbox 400 4230 1062 4389">
    <p class='ocr_par' dir='ltr' id='par_1_8' title="bbox 400 4230 1062 4389">
     <span class='ocr_line' id='line_1_28' title="bbox 400 4230 1062 4299; baseline -0.002 -16"><span class='ocrx_word' id='word_1_211' title='bbox 400 4232 427 4298; x_wconf 89' lang='lat' dir='ltr'>l)</span> <span class='ocrx_word' id='word_1_212' title='bbox 446 4232 483 4283; x_wconf 81' lang='lat' dir='ltr'>cf.</span> <span class='ocrx_word' id='word_1_213' title='bbox 501 4232 692 4297; x_wconf 82' lang='lat' dir='ltr'>Schlichteisen,</span> <span class='ocrx_word' id='word_1_214' title='bbox 709 4233 740 4283; x_wconf 85' lang='lat' dir='ltr'>de</span> <span class='ocrx_word' id='word_1_215' title='bbox 757 4231 806 4283; x_wconf 85' lang='lat' dir='ltr'>fide</span> <span class='ocrx_word' id='word_1_216' title='bbox 823 4233 883 4283; x_wconf 89' lang='lat' dir='ltr'>hist.</span> <span class='ocrx_word' id='word_1_217' title='bbox 901 4231 963 4296; x_wconf 90' lang='lat' dir='ltr'>Silii,</span> <span class='ocrx_word' id='word_1_218' title='bbox 981 4248 1005 4299; x_wconf 91' lang='lat' dir='ltr'>p.</span> <span class='ocrx_word' id='word_1_219' title='bbox 1021 4230 1062 4283; x_wconf 86' lang='grc'>56.</span> 
     </span>
     <span class='ocr_line' id='line_1_29' title="bbox 402 4323 1001 4389; baseline 0 -15"><span class='ocrx_word' id='word_1_220' title='bbox 402 4323 493 4388; x_wconf 88' lang='lat' dir='ltr'>Bauer,</span> <span class='ocrx_word' id='word_1_221' title='bbox 510 4323 593 4375; x_wconf 87' lang='lat' dir='ltr'>Ueher</span> <span class='ocrx_word' id='word_1_222' title='bbox 609 4325 653 4374; x_wconf 88' lang='lat' dir='ltr'>das</span> <span class='ocrx_word' id='word_1_223' title='bbox 670 4324 830 4377; x_wconf 72' lang='lat' dir='ltr'>Verhtltniss</span> <span class='ocrx_word' id='word_1_224' title='bbox 845 4330 901 4389; x_wconf 80' lang='lat' dir='ltr'>etc,</span> <span class='ocrx_word' id='word_1_225' title='bbox 919 4339 943 4389; x_wconf 88' lang='lat' dir='ltr'>p.</span> <span class='ocrx_word' id='word_1_226' title='bbox 961 4323 1001 4374; x_wconf 75' lang='lat'>12.</span> 
     </span>
    </p>
   </div>
   <div class='ocr_carea' id='block_1_6' title="bbox 0 0 1686 5118">
    <p class='ocr_par' dir='ltr' id='par_1_9' title="bbox 0 0 1686 5118">
     <span class='ocr_line' id='line_1_30' title="bbox 0 0 1686 5118; baseline 0 0"><span class='ocrx_word' id='word_1_227' title='bbox 0 0 1686 5118; x_wconf 95' lang='lat' dir='ltr'> </span> 
     </span>
    </p>
   </div>
  </div>
 </body>
</html>
