3364 5118
763 619 802 679 51

223 829 368 893 hostibus
408 831 540 913 captivis
574 850 661 893 arma
695 830 848 913 adempto.
884 828 963 892 Ibid.
1000 832 1035 892 5:
1071 829 1113 894 M.
1148 830 1338 914 Minucium,

223 954 411 1039 Magistrum
434 954 598 1040 Equitum,
621 975 662 1020 ne
684 956 807 1020 hostem
830 956 958 1038 videret,
979 975 1019 1020 ne
1043 957 1121 1039 quid
1143 958 1188 1020 rei
1209 956 1339 1020 bellicae

224 1086 354 1165 gereret,
376 1101 473 1166 prope
494 1083 527 1144 in
550 1082 726 1145 custodiam
749 1078 919 1145 habitum.'’

269 1208 322 1273 Sil.
346 1208 418 1272 VH.
443 1209 525 1272 508:
848 1288 850 1292 Ι

314 1332 505 1398 Clausurum
527 1336 589 1397 iam
614 1340 716 1400 eastra
739 1335 861 1417 ducem,
885 1353 1062 1418 rursusque
1087 1334 1199 1399 referri

313 1458 456 1543 VagInae
479 1461 644 1523 inssurum
668 1478 769 1542 enses,
791 1459 941 1524 reddatur
963 1461 997 1522 in
1020 1461 1116 1523 armis

314 1583 358 1649 Ut
380 1587 468 1668 ratIo,
490 1592 521 1650 et
542 1590 656 1670 purget
679 1585 778 1668 miles,
801 1605 859 1648 our
881 1586 992 1648 vioerit
1015 1585 1145 1648 hostem.

270 1708 357 1772 Haec
388 1710 504 1774 desunt
534 1711 663 1793 quidem
685 1712 718 1772 in
744 1711 884 1773 oratione
907 1708 1028 1791 Metilii,
1052 1710 1107 1773 sed
1129 1709 1282 1794 leguntur
1304 1711 1338 1772 in

228 1835 368 1898 oratione
400 1833 490 1898 Fabii
524 1833 643 1916 (XXII.
676 1835 726 1896 25.
759 1834 827 1914 13):
855 1833 977 1917 „[eum]
1001 1832 1153 1918 Magistro
1176 1833 1341 1917 Equitum,

231 1959 317 2043 quod
348 1964 457 2024 eontra
484 1960 605 2024 dietum
628 1979 725 2024 snum
748 1964 930 2043 pugnasset,
952 1960 1107 2023 ratIonem
1131 1960 1248 2024 diceret
1271 1960 1341 2023 red-

229 2086 365 2150 dendam
388 2085 487 2151 esse.”

273 2211 502 2296 Pedetemptim
533 2212 632 2296 igitur
660 2211 742 2275 Livii
773 2213 907 2296 vestigia
929 2213 1020 2294 sequi
1043 2231 1223 2295 possumus.
1249 2210 1342 2287 Quod

230 2343 336 2402 narrat
356 2339 453 2403 Silius
474 2338 548 2419 (vss.
569 2339 641 2400 511.
663 2340 739 2421 512)
759 2338 915 2402 Iunonem
935 2338 1066 2401 Petrum
1081 2343 1341 2421 quoquementes

230 2464 370 2528 invidiae
401 2464 529 2529 stimulo
552 2463 669 2528 fodisse
692 2468 724 2527 et
745 2463 952 2547 popularibus
975 2464 1071 2545 auris,
1095 2463 1203 2526 divino
1228 2467 1342 2526 ornatu

230 2594 328 2653 exuto
353 2590 555 2674 agnoscimus
577 2589 663 2672 apud
684 2587 811 2652 Livium
833 2587 940 2651 XXII.
967 2589 1017 2651 25.
1043 2589 1092 2650 12.
1115 2586 1281 2672 „sl'abius]
1302 2608 1343 2653 ne

230 2716 265 2777 in
285 2719 398 2778 senatu
418 2713 545 2797 quidem
559 2715 636 2777 satis
648 2715 759 2796 aequis
771 2712 902 2777 auribus
915 2712 1131 2777 audiebatur.”
1143 2711 1233 2776 Fabii
1244 2716 1342 2778 orati0

231 2840 319 2903 deest
352 2839 437 2922 apud
472 2837 595 2920 Silium,
627 2839 681 2903 sed
713 2838 839 2922 singula
868 2837 1044 2921 fragmenta
1075 2839 1144 2901 eius
1166 2839 1285 2920 passim
1308 2841 1343 2903 in

232 2965 302 3028 aliis
325 2963 529 3046 orationibuS,
549 2965 616 3028 sive
634 2939 735 3048 ipsius
755 2966 822 3029 sive
841 2964 975 3028 aliorum
988 2963 1186 3046 offendimus
1198 2967 1236 3027 ut
1249 2983 1344 3047 supra

232 3089 452 3155 demonstravi.

276 3213 343 3277 Liv.
361 3213 469 3278 XXII.
492 3216 542 3278 25.
566 3215 616 3297 10,
635 3219 741 3278 narrat
760 3214 915 3278 Metilium
934 3215 1189 3298 pronuntiavisse
1208 3233 1242 3278 se
1253 3233 1346 3298 roga-

232 3340 349 3403 tionem
383 3340 660 3424 promulgaturum
692 3340 731 3405 de
761 3340 925 3424 aequando
956 3340 1100 3424 Magistri
1128 3340 1283 3424 Equitum
1314 3346 1346 3406 et

227 3462 400 3528 Dictatoris
420 3465 498 3529 iure.
519 3464 600 3528 Ibid.
623 3466 674 3548 18,
699 3485 820 3546 „unum
834 3484 995 3529 suasorem
1008 3465 1087 3549 legis
1095 3466 1263 3529 inventum
1276 3484 1346 3531 esse

234 3588 265 3652 O.
300 3588 480 3654 Terentium
503 3586 716 3669 Varronem'’;
738 3589 856 3674 quibus
879 3589 1027 3654 omnibns
1048 3592 1277 3674 praetermissis
1300 3593 1345 3655 sio

233 3716 337 3781 reddit
360 3716 475 3781 Silius:

278 3842 350 3906 VH.
377 3844 457 3906 515:

365 3968 528 4033 DividItur
550 3969 649 4052 miles,
671 3968 834 4052 Fabioque
856 3970 1065 4055 equitumque
1086 3970 1258 4054 magistro,

368 4094 505 4179 Imperia
528 4100 706 4177 aequantur
728 4096 864 4178 penitus

279 4219 331 4283 En
352 4220 402 4284 hle
424 4219 530 4284 verbis
552 4219 638 4282 haud
661 4221 706 4283 ita
728 4220 828 4284 multo
852 4223 978 4304 negotio
996 4221 1108 4286 Metilii
1127 4223 1222 4287 verba
1233 4241 1344 4288 eruere

236 4366 416 4431 possumus,
444 4365 638 4431 quamquam
670 4345 729 4409 hoe
750 4346 830 4430 loeo,
852 4347 908 4411 ubi
931 4347 1027 4413 Silius
1049 4347 1212 4412 Livianam
1234 4369 1343 4412 narra-
