<?xml version="1.0" encoding="UTF-8"?>
<!DOCTYPE html PUBLIC "-//W3C//DTD XHTML 1.0 Transitional//EN"
    "http://www.w3.org/TR/xhtml1/DTD/xhtml1-transitional.dtd">
<html xmlns="http://www.w3.org/1999/xhtml" xml:lang="en" lang="en">
 <head>
  <title>
</title>
<meta http-equiv="Content-Type" content="text/html;charset=utf-8" />
  <meta name='ocr-system' content='tesseract 3.04.00' />
  <meta name='ocr-capabilities' content='ocr_page ocr_carea ocr_par ocr_line ocrx_word'/>
</head>
<body>
  <div class='ocr_page' id='page_1' title='image "./quaestionessili00veengoog_0114.png"; bbox 0 0 3360 5116; ppageno 0'>
   <div class='ocr_carea' id='block_1_1' title="bbox 778 599 840 661">
    <p class='ocr_par' dir='ltr' id='par_1_1' title="bbox 778 599 840 661">
     <span class='ocr_line' id='line_1_1' title="bbox 778 599 840 661; baseline 0 -1"><span class='ocrx_word' id='word_1_1' title='bbox 778 599 840 661; x_wconf 89' lang='grc'>101</span> 
     </span>
    </p>
   </div>
   <div class='ocr_carea' id='block_1_2' title="bbox 754 900 840 958">
    <p class='ocr_par' dir='ltr' id='par_1_2' title="bbox 754 900 840 958">
     <span class='ocr_line' id='line_1_2' title="bbox 754 900 840 958; baseline -0.012 0"><span class='ocrx_word' id='word_1_2' title='bbox 754 900 840 958; x_wconf 86' lang='lat' dir='ltr'><strong>XVI.</strong></span> 
     </span>
    </p>
   </div>
   <div class='ocr_carea' id='block_1_3' title="bbox 243 1031 1360 1499">
    <p class='ocr_par' dir='ltr' id='par_1_3' title="bbox 286 1031 847 1117">
     <span class='ocr_line' id='line_1_3' title="bbox 286 1031 847 1117; baseline -0.004 -21"><span class='ocrx_word' id='word_1_3' title='bbox 286 1033 368 1097; x_wconf 78' lang='lat' dir='ltr'><strong>Plin.</strong></span> <span class='ocrx_word' id='word_1_4' title='bbox 391 1033 470 1117; x_wconf 85' lang='lat' dir='ltr'><strong>Epp.</strong></span> <span class='ocrx_word' id='word_1_5' title='bbox 495 1032 534 1096; x_wconf 82' lang='lat' dir='ltr'>ad</span> <span class='ocrx_word' id='word_1_6' title='bbox 557 1032 635 1095; x_wconf 81' lang='lat' dir='ltr'><strong>Trai.</strong></span> <span class='ocrx_word' id='word_1_7' title='bbox 661 1031 719 1094; x_wconf 79' lang='lat'>77:</span> <span class='ocrx_word' id='word_1_8' title='bbox 843 1077 847 1082; x_wconf 91' lang='lat'>-</span> 
     </span>
    </p>

    <p class='ocr_par' dir='ltr' id='par_1_4' title="bbox 243 1156 1360 1365">
     <span class='ocr_line' id='line_1_4' title="bbox 289 1156 1360 1248; baseline -0.004 -26"><span class='ocrx_word' id='word_1_9' title='bbox 289 1157 393 1223; x_wconf 85' lang='lat' dir='ltr'>Onera</span> <span class='ocrx_word' id='word_1_10' title='bbox 416 1159 556 1221; x_wconf 64' lang='lat' dir='ltr'>maxuma</span> <span class='ocrx_word' id='word_1_11' title='bbox 577 1158 737 1221; x_wconf 85' lang='lat' dir='ltr'>sustinent</span> <span class='ocrx_word' id='word_1_12' title='bbox 756 1161 908 1238; x_wconf 84' lang='lat' dir='ltr'>tantoque</span> <span class='ocrx_word' id='word_1_13' title='bbox 919 1156 1081 1248; x_wconf 84' lang='lat' dir='ltr'>graviores</span> <span class='ocrx_word' id='word_1_14' title='bbox 1093 1156 1227 1218; x_wconf 82' lang='lat' dir='ltr'>iniurias</span> <span class='ocrx_word' id='word_1_15' title='bbox 1240 1161 1360 1239; x_wconf 84' lang='lat' dir='ltr'>quanto</span> 
     </span>
     <span class='ocr_line' id='line_1_5' title="bbox 243 1281 610 1365; baseline -0.008 -19"><span class='ocrx_word' id='word_1_16' title='bbox 243 1286 286 1347; x_wconf 86' lang='lat' dir='ltr'>et</span> <span class='ocrx_word' id='word_1_17' title='bbox 306 1281 462 1344; x_wconf 83' lang='lat' dir='ltr'>infirmior</span> <span class='ocrx_word' id='word_1_18' title='bbox 484 1282 610 1365; x_wconf 85' lang='lat' dir='ltr'>patitur.</span> 
     </span>
    </p>

    <p class='ocr_par' dir='ltr' id='par_1_5' title="bbox 291 1404 1282 1499">
     <span class='ocr_line' id='line_1_6' title="bbox 291 1404 1282 1499; baseline -0.002 -29"><span class='ocrx_word' id='word_1_19' title='bbox 291 1406 525 1499; x_wconf 85' lang='lat' dir='ltr'>Corrigendum</span> <span class='ocrx_word' id='word_1_20' title='bbox 548 1406 691 1469; x_wconf 83' lang='lat' dir='ltr'>videtur:</span> <span class='ocrx_word' id='word_1_21' title='bbox 727 1410 900 1487; x_wconf 81' lang='lat' dir='ltr'>quanto</span> <span class='ocrx_word' id='word_1_22' title='bbox 931 1408 1001 1468; x_wconf 84' lang='lat' dir='ltr'>est</span> <span class='ocrx_word' id='word_1_23' title='bbox 1029 1404 1282 1468; x_wconf 85' lang='lat' dir='ltr'><strong>infirmior.</strong></span> 
     </span>
    </p>
   </div>
   <div class='ocr_carea' id='block_1_4' title="bbox 750 1615 852 1675">
    <p class='ocr_par' dir='ltr' id='par_1_6' title="bbox 750 1615 852 1675">
     <span class='ocr_line' id='line_1_7' title="bbox 750 1615 852 1675; baseline 0.01 -1"><span class='ocrx_word' id='word_1_24' title='bbox 750 1615 852 1675; x_wconf 88' lang='lat' dir='ltr'><strong>XVII.</strong></span> 
     </span>
    </p>
   </div>
   <div class='ocr_carea' id='block_1_5' title="bbox 290 1766 742 1856">
    <p class='ocr_par' dir='ltr' id='par_1_7' title="bbox 290 1766 742 1856">
     <span class='ocr_line' id='line_1_8' title="bbox 290 1766 742 1856; baseline -0.007 -20"><span class='ocrx_word' id='word_1_25' title='bbox 290 1771 372 1836; x_wconf 83' lang='lat' dir='ltr'>Plin.</span> <span class='ocrx_word' id='word_1_26' title='bbox 394 1771 473 1856; x_wconf 87' lang='lat' dir='ltr'><strong>Epp.</strong></span> <span class='ocrx_word' id='word_1_27' title='bbox 498 1772 538 1835; x_wconf 83' lang='lat' dir='ltr'>ad</span> <span class='ocrx_word' id='word_1_28' title='bbox 560 1766 639 1835; x_wconf 79' lang='lat' dir='ltr'><strong>Trai.</strong></span> <span class='ocrx_word' id='word_1_29' title='bbox 664 1772 742 1834; x_wconf 87' lang='lat'>110:</span> 
     </span>
    </p>
   </div>
   <div class='ocr_carea' id='block_1_6' title="bbox 249 1896 1362 2233">
    <p class='ocr_par' dir='ltr' id='par_1_8' title="bbox 249 1896 1362 2233">
     <span class='ocr_line' id='line_1_9' title="bbox 291 1896 1362 1981; baseline 0 -20"><span class='ocrx_word' id='word_1_30' title='bbox 291 1897 623 1981; x_wconf 83' lang='lat' dir='ltr'>Utebaturque</span> <span class='ocrx_word' id='word_1_31' title='bbox 654 1896 812 1962; x_wconf 83' lang='lat' dir='ltr'>mandatis</span> <span class='ocrx_word' id='word_1_32' title='bbox 843 1899 917 1974; x_wconf 83' lang='lat' dir='ltr'>tuis,</span> <span class='ocrx_word' id='word_1_33' title='bbox 942 1897 1060 1980; x_wconf 87' lang='lat' dir='ltr'>quibus</span> <span class='ocrx_word' id='word_1_34' title='bbox 1084 1897 1241 1961; x_wconf 86' lang='lat' dir='ltr'>eiusmodi</span> <span class='ocrx_word' id='word_1_35' title='bbox 1266 1897 1362 1961; x_wconf 83' lang='lat' dir='ltr'>dona-</span> 
     </span>
     <span class='ocr_line' id='line_1_10' title="bbox 249 2023 529 2087; baseline 0 -2"><span class='ocrx_word' id='word_1_36' title='bbox 249 2023 350 2086; x_wconf 84' lang='lat' dir='ltr'>tiones</span> <span class='ocrx_word' id='word_1_37' title='bbox 374 2028 529 2087; x_wconf 81' lang='lat' dir='ltr'>vetantur.</span> 
     </span>
     <span class='ocr_line' id='line_1_11' title="bbox 292 2136 965 2233; baseline 0.001 -22"><span class='ocrx_word' id='word_1_38' title='bbox 292 2146 502 2213; x_wconf 79' lang='lat' dir='ltr'>Senbendum</span> <span class='ocrx_word' id='word_1_39' title='bbox 525 2136 589 2213; x_wconf 69' lang='lat' dir='ltr'>esf:</span> <span class='ocrx_word' id='word_1_40' title='bbox 614 2148 965 2233; x_wconf 80' lang='lat' dir='ltr'>nitebaturque.</span> 
     </span>
    </p>
   </div>
   <div class='ocr_carea' id='block_1_7' title="bbox 746 2333 864 2391">
    <p class='ocr_par' dir='ltr' id='par_1_9' title="bbox 746 2333 864 2391">
     <span class='ocr_line' id='line_1_12' title="bbox 746 2333 864 2391; baseline 0.008 -1"><span class='ocrx_word' id='word_1_41' title='bbox 746 2333 864 2391; x_wconf 90' lang='lat' dir='ltr'><strong>XVIII.</strong></span> 
     </span>
    </p>
   </div>
   <div class='ocr_carea' id='block_1_8' title="bbox 248 2463 1363 2925">
    <p class='ocr_par' dir='ltr' id='par_1_10' title="bbox 290 2463 685 2548">
     <span class='ocr_line' id='line_1_13' title="bbox 290 2463 685 2548; baseline -0.005 -20"><span class='ocrx_word' id='word_1_42' title='bbox 290 2463 376 2528; x_wconf 79' lang='lat' dir='ltr'>Suet.</span> <span class='ocrx_word' id='word_1_43' title='bbox 399 2465 576 2548; x_wconf 80' lang='lat' dir='ltr'>Augustus.</span> <span class='ocrx_word' id='word_1_44' title='bbox 602 2463 685 2527; x_wconf 90' lang='lat'>100:</span> 
     </span>
    </p>

    <p class='ocr_par' dir='ltr' id='par_1_11' title="bbox 248 2588 1363 2798">
     <span class='ocr_line' id='line_1_14' title="bbox 292 2588 1363 2662; baseline 0.003 -9"><span class='ocrx_word' id='word_1_45' title='bbox 292 2588 428 2654; x_wconf 81' lang='lat' dir='ltr'>Senatus</span> <span class='ocrx_word' id='word_1_46' title='bbox 452 2594 491 2662; x_wconf 83' lang='lat' dir='ltr'>et</span> <span class='ocrx_word' id='word_1_47' title='bbox 520 2590 565 2652; x_wconf 90' lang='lat' dir='ltr'>in·</span> <span class='ocrx_word' id='word_1_48' title='bbox 584 2589 697 2654; x_wconf 84' lang='lat' dir='ltr'>funere</span> <span class='ocrx_word' id='word_1_49' title='bbox 728 2590 869 2653; x_wconf 82' lang='lat' dir='ltr'>ornando</span> <span class='ocrx_word' id='word_1_50' title='bbox 893 2591 980 2654; x_wconf 87' lang='lat' dir='ltr'>etin</span> <span class='ocrx_word' id='word_1_51' title='bbox 1003 2593 1155 2655; x_wconf 87' lang='lat' dir='ltr'>memoria</span> <span class='ocrx_word' id='word_1_52' title='bbox 1176 2592 1363 2656; x_wconf 85' lang='lat' dir='ltr'>honoranda</span> 
     </span>
     <span class='ocr_line' id='line_1_15' title="bbox 248 2714 757 2798; baseline -0.008 -18"><span class='ocrx_word' id='word_1_53' title='bbox 248 2734 284 2780; x_wconf 87' lang='lat' dir='ltr'>eo</span> <span class='ocrx_word' id='word_1_54' title='bbox 308 2714 468 2779; x_wconf 80' lang='lat' dir='ltr'>studio</span> <span class='ocrx_word' id='word_1_55' title='bbox 491 2734 679 2798; x_wconf 84' lang='lat' dir='ltr'>progressus</span> <span class='ocrx_word' id='word_1_56' title='bbox 703 2719 757 2779; x_wconf 80' lang='lat' dir='ltr'>est.</span> 
     </span>
    </p>

    <p class='ocr_par' dir='ltr' id='par_1_12' title="bbox 290 2839 822 2925">
     <span class='ocr_line' id='line_1_16' title="bbox 290 2839 822 2925; baseline -0.004 -21"><span class='ocrx_word' id='word_1_57' title='bbox 290 2839 477 2925; x_wconf 80' lang='lat' dir='ltr'>Lugendum</span> <span class='ocrx_word' id='word_1_58' title='bbox 500 2845 563 2904; x_wconf 82' lang='lat' dir='ltr'>est:</span> <span class='ocrx_word' id='word_1_59' title='bbox 588 2859 636 2904; x_wconf 87' lang='lat' dir='ltr'>eo</span> <span class='ocrx_word' id='word_1_60' title='bbox 661 2841 822 2904; x_wconf 82' lang='lat' dir='ltr'><strong>studii.</strong></span> 
     </span>
    </p>
   </div>
   <div class='ocr_carea' id='block_1_9' title="bbox 758 3019 846 3091">
    <p class='ocr_par' dir='ltr' id='par_1_13' title="bbox 758 3019 846 3091">
     <span class='ocr_line' id='line_1_17' title="bbox 758 3019 846 3091; baseline -0.08 0"><span class='ocrx_word' id='word_1_61' title='bbox 758 3019 846 3091; x_wconf 87' lang='lat' dir='ltr'><strong>XIX.</strong></span> 
     </span>
    </p>
   </div>
   <div class='ocr_carea' id='block_1_10' title="bbox 291 3156 1366 3378">
    <p class='ocr_par' dir='ltr' id='par_1_14' title="bbox 291 3156 1366 3378">
     <span class='ocr_line' id='line_1_18' title="bbox 292 3156 661 3239; baseline -0.005 -19"><span class='ocrx_word' id='word_1_62' title='bbox 292 3156 376 3220; x_wconf 83' lang='lat' dir='ltr'>Suet.</span> <span class='ocrx_word' id='word_1_63' title='bbox 400 3157 577 3239; x_wconf 87' lang='lat' dir='ltr'>Augustus.</span> <span class='ocrx_word' id='word_1_64' title='bbox 603 3156 661 3218; x_wconf 87' lang='lat'>13:</span> 
     </span>
     <span class='ocr_line' id='line_1_19' title="bbox 291 3281 1366 3378; baseline 0.006 -34"><span class='ocrx_word' id='word_1_65' title='bbox 291 3281 404 3366; x_wconf 82' lang='lat' dir='ltr'>Neque</span> <span class='ocrx_word' id='word_1_66' title='bbox 438 3288 659 3346; x_wconf 84' lang='lat' dir='ltr'>veteranorum</span> <span class='ocrx_word' id='word_1_67' title='bbox 695 3301 800 3364; x_wconf 89' lang='lat' dir='ltr'>neque</span> <span class='ocrx_word' id='word_1_68' title='bbox 833 3302 1054 3366; x_wconf 84' lang='lat' dir='ltr'>possessorum</span> <span class='ocrx_word' id='word_1_69' title='bbox 1087 3285 1221 3368; x_wconf 83' lang='lat' dir='ltr'><strong>gratiam</strong></span> <span class='ocrx_word' id='word_1_70' title='bbox 1253 3285 1366 3378; x_wconf 85' lang='lat' dir='ltr'>tenuit,</span> 
     </span>
    </p>
   </div>
   <div class='ocr_carea' id='block_1_11' title="bbox 248 3407 1364 3493">
    <p class='ocr_par' dir='ltr' id='par_1_15' title="bbox 248 3407 1364 3493">
     <span class='ocr_line' id='line_1_20' title="bbox 248 3407 1364 3493; baseline 0.003 -21"><span class='ocrx_word' id='word_1_71' title='bbox 248 3408 355 3472; x_wconf 83' lang='lat' dir='ltr'>alteris</span> <span class='ocrx_word' id='word_1_72' title='bbox 384 3407 459 3491; x_wconf 88' lang='lat' dir='ltr'>pelli</span> <span class='ocrx_word' id='word_1_73' title='bbox 489 3426 532 3489; x_wconf 89' lang='lat' dir='ltr'>se,</span> <span class='ocrx_word' id='word_1_74' title='bbox 556 3407 662 3471; x_wconf 81' lang='lat' dir='ltr'>alteris</span> <span class='ocrx_word' id='word_1_75' title='bbox 693 3427 759 3471; x_wconf 86' lang='lat' dir='ltr'>non</span> <span class='ocrx_word' id='word_1_76' title='bbox 782 3428 839 3492; x_wconf 84' lang='lat' dir='ltr'>pro</span> <span class='ocrx_word' id='word_1_77' title='bbox 864 3428 919 3493; x_wconf 87' lang='lat' dir='ltr'>spe</span> <span class='ocrx_word' id='word_1_78' title='bbox 941 3413 1215 3475; x_wconf 81' lang='lat' dir='ltr'>meritorum</span> <span class='ocrx_word' id='word_1_79' title='bbox 1239 3414 1364 3476; x_wconf 79' lang='lat' dir='ltr'>tracturi</span> 
     </span>
    </p>
   </div>
   <div class='ocr_carea' id='block_1_12' title="bbox 249 3533 988 3743">
    <p class='ocr_par' dir='ltr' id='par_1_16' title="bbox 249 3533 988 3743">
     <span class='ocr_line' id='line_1_21' title="bbox 249 3533 465 3618; baseline -0.005 -21"><span class='ocrx_word' id='word_1_80' title='bbox 249 3533 465 3618; x_wconf 76' lang='lat' dir='ltr'>querentibus,</span> 
     </span>
     <span class='ocr_line' id='line_1_22' title="bbox 292 3657 988 3743; baseline 0.001 -21"><span class='ocrx_word' id='word_1_81' title='bbox 292 3657 520 3742; x_wconf 83' lang='lat' dir='ltr'>Corrigendum</span> <span class='ocrx_word' id='word_1_82' title='bbox 543 3659 685 3723; x_wconf 80' lang='lat' dir='ltr'>videtur:</span> <span class='ocrx_word' id='word_1_83' title='bbox 711 3660 988 3743; x_wconf 80' lang='lat' dir='ltr'>meritoque.</span> 
     </span>
    </p>
   </div>
   <div class='ocr_carea' id='block_1_13' title="bbox 770 3844 842 3902">
    <p class='ocr_par' dir='ltr' id='par_1_17' title="bbox 770 3844 842 3902">
     <span class='ocr_line' id='line_1_23' title="bbox 770 3844 842 3902; baseline 0.028 -2"><span class='ocrx_word' id='word_1_84' title='bbox 770 3844 842 3902; x_wconf 92' lang='lat' dir='ltr'>XX.</span> 
     </span>
    </p>
   </div>
   <div class='ocr_carea' id='block_1_14' title="bbox 204 3975 1364 4434">
    <p class='ocr_par' dir='ltr' id='par_1_18' title="bbox 204 3975 1364 4434">
     <span class='ocr_line' id='line_1_24' title="bbox 204 3975 627 4040; baseline -0.007 -1"><span class='ocrx_word' id='word_1_85' title='bbox 204 3987 208 3996; x_wconf 83' lang='lat'>&#39;</span> <span class='ocrx_word' id='word_1_86' title='bbox 293 3975 377 4039; x_wconf 84' lang='lat' dir='ltr'>Suet.</span> <span class='ocrx_word' id='word_1_87' title='bbox 405 3975 565 4040; x_wconf 82' lang='lat' dir='ltr'>Claudius.</span> <span class='ocrx_word' id='word_1_88' title='bbox 591 3976 627 4037; x_wconf 86' lang='lat'>6:</span> 
     </span>
     <span class='ocr_line' id='line_1_25' title="bbox 294 4100 1364 4186; baseline -0.001 -21"><span class='ocrx_word' id='word_1_89' title='bbox 294 4101 396 4166; x_wconf 86' lang='lat' dir='ltr'>Cum</span> <span class='ocrx_word' id='word_1_90' title='bbox 430 4104 568 4184; x_wconf 77' lang='lat' dir='ltr'>inten&#39;m,</span> <span class='ocrx_word' id='word_1_91' title='bbox 600 4122 795 4185; x_wconf 83' lang='lat' dir='ltr'>quamquam</span> <span class='ocrx_word' id='word_1_92' title='bbox 829 4101 890 4163; x_wconf 80' lang='lat' dir='ltr'>hoc</span> <span class='ocrx_word' id='word_1_93' title='bbox 920 4100 1013 4164; x_wconf 88' lang='lat' dir='ltr'>modo</span> <span class='ocrx_word' id='word_1_94' title='bbox 1044 4103 1159 4185; x_wconf 79' lang='lat' dir='ltr'>agenti,</span> <span class='ocrx_word' id='word_1_95' title='bbox 1187 4123 1364 4186; x_wconf 83' lang='lat' dir='ltr'>numquam</span> 
     </span>
     <span class='ocr_line' id='line_1_26' title="bbox 249 4225 1217 4309; baseline -0.003 -18"><span class='ocrx_word' id='word_1_96' title='bbox 249 4234 304 4291; x_wconf 83' lang='lat' dir='ltr'>aut</span> <span class='ocrx_word' id='word_1_97' title='bbox 327 4227 468 4291; x_wconf 74' lang='lat' dir='ltr'>officium</span> <span class='ocrx_word' id='word_1_98' title='bbox 491 4229 660 4292; x_wconf 88' lang='lat' dir='ltr'>hominum</span> <span class='ocrx_word' id='word_1_99' title='bbox 683 4233 738 4291; x_wconf 83' lang='lat' dir='ltr'>aut</span> <span class='ocrx_word' id='word_1_100' title='bbox 760 4227 936 4290; x_wconf 81' lang='lat' dir='ltr'>reverentia</span> <span class='ocrx_word' id='word_1_101' title='bbox 959 4225 1085 4309; x_wconf 79' lang='lat' dir='ltr'>pubIIce</span> <span class='ocrx_word' id='word_1_102' title='bbox 1109 4226 1217 4290; x_wconf 86' lang='lat' dir='ltr'>defuit.</span> 
     </span>
     <span class='ocr_line' id='line_1_27' title="bbox 293 4351 1008 4434; baseline 0 -18"><span class='ocrx_word' id='word_1_103' title='bbox 293 4353 538 4418; x_wconf 83' lang='lat' dir='ltr'>Emendandum</span> <span class='ocrx_word' id='word_1_104' title='bbox 561 4359 625 4417; x_wconf 84' lang='lat' dir='ltr'>est:</span> <span class='ocrx_word' id='word_1_105' title='bbox 651 4351 732 4415; x_wconf 87' lang='lat' dir='ltr'>Cui</span> <span class='ocrx_word' id='word_1_106' title='bbox 756 4351 832 4434; x_wconf 78' lang='lat' dir='ltr'><strong>(scil.</strong></span> <span class='ocrx_word' id='word_1_107' title='bbox 857 4351 1008 4433; x_wconf 79' lang='lat' dir='ltr'>Claudio).</span> 
     </span>
    </p>
   </div>
   <div class='ocr_carea' id='block_1_15' title="bbox 0 0 1684 5116">
    <p class='ocr_par' dir='ltr' id='par_1_19' title="bbox 0 0 1684 5116">
     <span class='ocr_line' id='line_1_28' title="bbox 0 0 1684 5116; baseline 0 0"><span class='ocrx_word' id='word_1_108' title='bbox 0 0 1684 5116; x_wconf 95' lang='lat' dir='ltr'> </span> 
     </span>
    </p>
   </div>
  </div>
 </body>
</html>
