3364 5118
760 537 799 599 31

262 743 458 829 Hyginus
487 745 548 810 fab.
580 746 660 810 129:
686 745 792 811 Oeneo
816 752 923 811 autem
949 693 989 810 oh
1012 748 1186 832 hospitium
1209 749 1339 814 liberale

221 871 316 933 vitem
341 870 434 951 dedit,
457 874 717 956 monstravitque,
742 873 900 955 quomodo
925 878 1049 936 sereret.

264 993 337 1058 Feb.
375 996 454 1058 130:
491 995 604 1080 (Liber)
636 998 674 1061 ad
698 996 835 1062 Icarium
860 1004 891 1061 et
912 997 1084 1081 Erigonam
1107 1001 1141 1061 in
1164 1000 1337 1084 hospitium

156 1161 159 1166 -
219 1120 348 1185 liberale
382 1121 516 1187 devenit.
551 1123 596 1187 lis
626 1129 730 1188 utrem
761 1123 891 1206 plenum
915 1125 984 1186 vini
1006 1126 1131 1188 muneri
1155 1125 1249 1207 dedit,
1271 1127 1338 1191 ius·

219 1247 333 1330 sitque,
355 1254 392 1311 ut
414 1250 449 1310 in
471 1249 610 1332 reliquas
632 1253 731 1313 terras
754 1255 974 1332 propagarent.

262 1373 416 1456 Tibullus,
441 1374 480 1437 ad
504 1375 636 1438 eandem
659 1393 726 1438 rem
750 1374 905 1454 alludens,
927 1373 983 1437 IV.
1009 1375 1036 1438 1.
1062 1376 1090 1456 9,
1114 1375 1172 1438 10:

308 1517 311 1522 ·
398 1537 438 1545 —
463 1538 503 1546 —
528 1505 559 1565 et
582 1502 705 1564 cunetis
727 1500 852 1564 Baccho
874 1499 1045 1564 iucundior
1068 1501 1182 1585 hospes

394 1624 513 1689 Icarus.
562 1609 563 1612 ¹

261 1748 540 1816 Drakenborohius
561 1773 634 1816 cum
655 1752 731 1817 Silio
756 1751 892 1816 conferri
915 1752 1004 1816 iubet
1025 1752 1183 1817 Achillem
1201 1754 1338 1839 Tatium,

218 1876 257 1940 de
291 1895 397 1940 amore
428 1876 635 1960 Clitophontis
669 1882 700 1941 et
727 1877 902 1961 Leucippes
934 1877 975 1939 II.
998 1899 1067 1962 pag.
1092 1878 1143 1960 67,
1168 1898 1232 1962 quo
1257 1884 1336 1946 teste

217 2003 301 2066 idem
336 2004 422 2086 apud
453 2022 486 2067 se
516 2003 668 2067 accidisse
701 2003 788 2085 Tyrii
819 2003 1023 2067 contendunt.
1047 2003 1079 2067 N
1081 2023 1144 2066 une
1166 2005 1199 2068 id
1222 2006 1336 2089 agitur,

217 2134 326 2192 utrum
348 2130 431 2193 inter
453 2128 614 2193 Romanos
638 2148 767 2213 quoque
790 2129 948 2194 eiusmodi
969 2128 1076 2193 fabula
1100 2129 1176 2192 olim
1199 2131 1335 2194 eircum-

216 2256 279 2320 lata
301 2257 350 2346 sit,
374 2276 413 2319 an
437 2275 479 2320 ex
497 2257 626 2339 ingenio
646 2256 714 2320 Silii
735 2257 774 2320 ad
794 2274 921 2319 carmen
934 2256 1155 2320 exornandum
1168 2257 1333 2320 exstiterit.

216 2381 278 2445 Pro
302 2387 386 2446 certo
407 2383 466 2446 hoc
486 2382 644 2447 affirmare
656 2384 763 2464 nolim,
777 2403 878 2466 quum
889 2384 1074 2465 praesertim
1086 2382 1211 2445 nullum
1223 2383 1282 2445 hae
1295 2383 1333 2446 de

216 2527 250 2570 re
268 2508 487 2571 testimonium
507 2508 592 2590 apud
611 2506 715 2571 ullum
737 2507 836 2570 alium
856 2507 1038 2590 scriptorem
1057 2512 1210 2587 occurrat,
1223 2526 1335 2589 quam-

217 2654 312 2717 quam
337 2635 469 2696 minime
488 2633 605 2716 negligi
626 2637 755 2715 oportet,
775 2636 899 2714 politam
919 2633 1027 2714 ipsum
1048 2631 1104 2695 diu
1116 2633 1148 2693 in
1163 2629 1335 2714 Campania

216 2761 345 2842 vixisse,
369 2760 478 2843 ibique
499 2759 632 2823 fortasse
655 2757 795 2822 fabulam
816 2758 898 2821 hano
917 2776 958 2821 ex
975 2776 1029 2821 ore
1041 2757 1150 2841 populi
1162 2757 1334 2839 excepisse.

257 2884 365 2970 Longe
395 2884 519 2949 facilius
549 2889 597 2948 est
628 2885 773 2967 reperire,
796 2883 882 2948 unde
904 2882 1047 2965 formam,
1071 2883 1190 2965 quain
1218 2881 1277 2944 hac
1299 2900 1334 2945 re

214 3013 371 3076 narranda
397 3032 474 3076 usus
499 3016 554 3094 est,
578 3011 795 3093 desumpserit.
821 3008 1028 3073 Conferamus
1049 3028 1123 3072 eum
1143 3007 1219 3072 Silio
1241 3005 1332 3070 Ovid.

214 3139 372 3204 Metamm.
397 3138 485 3202 VHI.
508 3138 570 3200 626
584 3157 662 3220 sqq,
681 3137 881 3200 notissimam
901 3134 1097 3198 Philemonis
1116 3133 1333 3214 Baucidisque

212 3267 376 3330 historiam
400 3273 429 3330 et
452 3266 534 3330 Fast.
557 3265 595 3327 V.
620 3266 684 3327 495
698 3283 765 3347 sqq.
790 3264 828 3328 de
848 3263 933 3345 Iove,
952 3261 1101 3344 Neptuno
1125 3265 1156 3324 et
1175 3258 1332 3324 Mercurio

214 3395 298 3478 apud
322 3413 431 3458 senem
452 3393 610 3475 Hyrieum
633 3388 876 3454 devertentibus.

259 3518 311 3582 Sil.
335 3519 406 3582 VH.
433 3520 510 3583 173:

301 3645 368 3710 Nec
391 3648 525 3731 pigitum
549 3660 764 3729 parvosque
787 3642 868 3704 lares
891 3638 1087 3721 humilisque
1111 3636 1255 3702 subire

299 3773 425 3838 Limina
448 3773 627 3838 caelicolam
649 3773 731 3835 teeti.
755 3767 872 3852 Cepere
895 3766 1054 3830 volentem

300 3901 468 3965 Fumosi
492 3904 635 3985 postes
659 3935 701 3944 -—
726 3934 767 3942 -

256 4026 346 4092 Ouid.
369 4025 528 4090 Metamm.
551 4023 641 4087 VIII.
658 4013 746 4085 629:

700 4184 741 4193 —
765 4183 807 4191 -
830 4143 948 4209 Tamen
971 4163 1036 4206 una
1056 4142 1174 4226 recepit

298 4280 431 4344 Parva
453 4276 591 4359 quidem,
614 4274 740 4357 stipulis
764 4278 795 4336 et
817 4291 919 4334 canna
941 4275 1023 4333 tecta
1045 4268 1189 4352 palustri.
