3360 5116
747 539 787 601 81

251 746 368 812 Statim
385 749 469 811 inter
486 747 656 831 legendum
679 747 766 811 haesi
787 749 823 810 in
846 747 942 811 verbo
967 767 1214 831 supremum,
1240 749 1326 831 quod

200 871 430 938 adverbialiter
459 872 609 936 hocloco
633 871 753 936 dietum
776 873 855 936 mihi
877 873 1003 938 videtur
1027 878 1059 937 et
1081 875 1227 937 iunctum
1252 893 1325 937 1111

199 998 393 1062 tandem
426 997 575 1081 abundat,
608 1016 795 1082 supremum
829 998 915 1062 enim
950 999 1037 1062 idem*
1059 997 1216 1082 signifieat
1240 1000 1325 1082 quod

201 1128 414 1207 postremum.
446 1122 486 1186 Iu
518 1129 658 1188 mentem
688 1124 766 1187 mihi
787 1125 876 1187 venit
899 1123 1003 1208 legere
1035 1142 1243 1207 suprema,
1266 1142 1326 1188 nec

200 1251 278 1314 sine
321 1269 417 1314 eausa
461 1249 607 1313 inbono
639 1251 820 1333 opinionem
854 1249 959 1312 incidi.
998 1249 1120 1314 Sensus
1158 1255 1223 1314 est:
1247 1249 1325 1314 Post

203 1380 346 1440 mortem
364 1377 486 1460 captiva
508 1377 628 1460 gremio
651 1374 770 1456 libyae
791 1375 907 1440 iacebo.
932 1375 1080 1440 Solemne
1100 1381 1165 1440 est:
1190 1395 1325 1460 „supre-

204 1522 301 1566 mum
336 1501 419 1566 diem
453 1501 570 1584 obire”,
599 1501 650 1566 vel
679 1507 804 1567 tantum
839 1501 948 1583 „diem
980 1502 1096 1567 obire”.
1127 1502 1180 1567 Sic
1210 1503 1327 1588 legitur

205 1627 326 1712 Nepos.
338 1625 424 1692 Dion
436 1629 493 1692 11;
510 1628 613 1711 „diem
625 1628 702 1693 obiit
713 1627 927 1712 supremum.”
939 1628 1025 1694 Suet.
1037 1629 1131 1713 Vesp.
1146 1631 1182 1692 1:
1198 1628 1327 1712 „ibique

206 1754 296 1818 diem
315 1752 422 1818 obiit''
440 1754 585 1819 Variavit
602 1755 796 1820 hunnusum
806 1760 898 1839 potita
909 1755 1067 1820 scribens:
1083 1761 1208 1820 noctem
1221 1755 1324 1836 obire3

206 1884 336 1944 noctem
359 1899 452 1965 saepe
473 1901 529 1965 pro
551 1886 652 1946 mone
673 1883 749 1966 poni
768 1882 854 1946 haud
873 1901 939 1946 uno
956 1883 1102 1966 exemplo
1115 1882 1326 1946 demonstrari
1404 1927 1407 1935 -

206 2009 320 2089 potest
350 2004 441 2071 Vide.
467 2004 575 2070 Horat.
600 2005 747 2070 011111.
771 2007 801 2090 4,
828 2007 885 2070 16;
914 2007 1009 2089 „Iam
1032 2012 1063 2071 te
1085 2012 1207 2091 premet
1229 2005 1325 2088 nox,”

205 2129 284 2193 ibid.
316 2131 367 2194 28.
399 2132 457 2195 15:
493 2130 638 2213 „Omnes
669 2133 753 2196 enim
785 2138 892 2198 manet
912 2132 1009 2196 nox.”
1033 2132 1151 2216 Vergil.
1176 2135 1258 2197 Aen.
1283 2131 1326 2194 X.

209 2256 292 2320 746:
321 2256 385 2338 „In
408 2262 566 2323 aeternam
589 2259 783 2323 clauduntur
804 2259 928 2324 lumina
947 2258 1101 2323 noctem.”
1122 2258 1195 2323 Non
1215 2257 1325 2322 dubito

205 2383 307 2467 igitur
338 2385 420 2468 quin
454 2385 570 2468 optime
602 2389 762 2449 noctem
795 2384 911 2450 obire
944 2384 1007 2449 diei
1036 2386 1143 2470 possit
1188 2383 1327 2468 Legatur

207 2530 302 2596 ergo:

343 2685 496 2773 Carthago
516 2687 668 2772 adspiciet
689 2688 813 2771 debir,
835 2688 1027 2771 tandemque
1050 2704 1198 2770 suprema

250 2843 253 2848 ·
341 2811 441 2878 Nocte
464 2813 559 2898 obita,
578 2813 698 2896 Libyae
719 2816 840 2899 gremio
861 2816 986 2898 captiva
1009 2812 1127 2877 iacebo.

256 2987 309 3054 sn.
332 2987 389 3054 111.
414 2990 475 3053 181
498 2962 636 3075 regnem

346 3189 388 3200 -—
411 3189 453 3200 -
475 3153 585 3220 Monet
606 3154 666 3219 hoe
686 3159 775 3240 pater
795 3153 848 3219 iile
869 3151 1018 3218 Deorum

255 3399 419 3470 Livineius
449 3405 586 3472 mavrdt:
610 3410 699 3490 pater
719 3407 809 3490 ipse
831 3402 981 3469 Deorum.
1004 3400 1078 3467 Non
1101 3402 1190 3486 male,
1216 3403 1323 3485 inquit

212 3531 242 3595 le
276 3532 383 3616 Moira,
412 3552 519 3618 neque
549 3540 656 3598 tamen
683 3534 718 3596 in
747 3536 872 3596 textum
894 3523 1018 3615 recepit.
1041 3528 1319 3593 Drakenborehius

213 3658 253 3722 ad
283 3658 370 3722 hune
399 3659 506 3723 locum
532 3662 677 3723 annotat:
704 3656 805 3738 „ille
828 3656 879 3718 hia
901 3674 974 3718 oum
999 3654 1140 3737 emphasi
1163 3651 1326 3737 ponitur”,

215 3789 310 3868 atque
332 3785 441 3850 laudat
462 3784 580 3868 Vergil.
603 3786 682 3848 Aen.
705 3781 776 3846 VH.
801 3782 880 3844 110:
905 3779 984 3862 „Sic
1001 3779 1144 3864 Iuppiter
1155 3779 1208 3843 ille
1219 3797 1327 3842 mone·
1373 3851 1374 3856 ἵ

214 3910 298 3976 bat”
320 3909 387 3974 Liv.
410 3911 434 3975 I.
459 3912 517 3974 24:
542 3909 647 3992 „Tum
666 3914 712 3992 tu,·
729 3909 783 3974 ille
802 3906 968 3991 Diespiter,
981 3905 1135 3989 populum
1146 3904 1327 3968 Romanum

120 4015 125 4025 ¹
215 4037 261 4101 sio
282 4037 373 4101 ferito
396 4035 486 4102 cett.”
508 4034 620 4099 Tibull.
639 4035 665 4098 Ι.
685 4036 714 4098 4.
727 4036 768 4097 23
779 4056 785 4096 :
798 4032 910 4096 Vetuit
922 4036 1011 4115 pater
1021 4030 1075 4096 ille
1087 4029 1220 4100 valere.”
1235 4027 1326 4092 Ovid.

215 4160 340 4226 Metam.
362 4161 403 4225 II.
427 4162 509 4224 848:
537 4161 621 4243 „ille
643 4164 732 4245 pater
753 4163 919 4240 rectorque
937 4154 1043 4220 Deum
1063 4191 1106 4204 -
1120 4193 1161 4202 -
1180 4155 1327 4219 induitur

215 4287 327 4352 faeiem
350 4283 462 4351 tauri.”

1210 4403 1228 4454 6
