3360 5116
770 1577 983 1652 CAPUT
1020 1577 1092 1649 III.

415 2175 624 2240 Pervenimus
658 2177 698 2240 ad
731 2176 864 2240 Librum
899 2181 1055 2254 octavum,
1088 2177 1144 2260 qui
1180 2177 1277 2240 variis
1309 2176 1347 2240 de
1381 2177 1485 2240 causis

372 2302 481 2372 minus
514 2301 603 2366 ferax
638 2307 686 2366 est
720 2303 928 2387 vestigiorum
959 2301 1165 2365 Livianorum
1196 2322 1291 2385 qnam
1323 2303 1485 2385 septimus,

372 2428 454 2490 inter
477 2446 557 2511 quas
579 2427 660 2490 hauc
678 2430 879 2512 praecipuam
899 2447 969 2492 esse
988 2428 1089 2509 credo,
1109 2429 1195 2512 quod
1207 2428 1293 2491 haud
1304 2448 1403 2512 parva
1415 2447 1485 2511 pars

372 2552 602 2636 mythologicae
623 2554 810 2618 eruditionis
833 2555 992 2637 specimen
1015 2552 1151 2635 exhibet,
1171 2572 1253 2637 quae
1272 2553 1393 2617 nullam
1412 2573 1485 2617 curn

372 2697 446 2741 vora
467 2679 599 2742 historia
622 2681 886 2762 comparationem
909 2680 1052 2743 admittit.
1074 2680 1193 2762 Aliqua
1216 2685 1322 2743 tamen
1342 2697 1414 2762 spes
1434 2696 1484 2742 me

371 2808 457 2868 tenet
474 2803 540 2868 fore
558 2809 602 2885 ut,
619 2804 887 2887 quemadmodum
906 2805 940 2867 in
951 2805 1056 2887 priore
1066 2803 1157 2880 libro,
1170 2805 1216 2867 sic
1228 2806 1262 2866 in
1274 2804 1334 2866 hoc
1347 2823 1482 2887 qnoque,

372 2929 542 2993 nonnullas
575 2949 625 2994 res
656 2931 818 3013 attingam,
848 2929 973 3012 quibus,
1004 2929 1229 3012 disceptatione
1260 2934 1405 2993 accurata
1428 2930 1485 2992 mi-

373 3056 459 3118 nime
480 3056 629 3139 indignis,
653 3056 795 3138 quaestio
818 3056 857 3119 de
882 3054 951 3119 Silii
972 3054 1115 3118 fontibus
1139 3055 1372 3139 quodammodo
1396 3056 1485 3118 adiu-

373 3187 475 3264 vetur,
497 3202 534 3247 ac
555 3182 756 3264 Heynacberi
778 3183 931 3245 rationem
951 3180 1075 3265 probari
1094 3182 1224 3244 minimo
1243 3201 1336 3264 posse
1356 3182 1485 3246 demon-

374 3310 498 3371 stretur.
521 3306 645 3369 Tractat
668 3306 719 3370 hic
742 3306 822 3369 liber
845 3325 895 3370 res
914 3305 988 3369 inde
1006 3326 1024 3368 a
1044 3304 1185 3369 Minucio
1204 3304 1294 3368 Fabii
1304 3307 1485 3369 interventu

372 3431 502 3496 liberato
526 3451 629 3516 nsque
651 3432 691 3495 ad
713 3452 854 3516 pugnam
878 3431 1077 3496 Cannensem
1100 3437 1213 3515 gestas.

417 3558 470 3624 Sil.
493 3558 582 3622 VIII.
605 3560 642 3621 3:

505 3721 547 3730 -
572 3722 613 3730 —-
637 3684 748 3748 Solum
770 3682 927 3768 [Fabium]
950 3687 1042 3770 voleat
1063 3682 1224 3746 Hannibal
1248 3682 1381 3747 hostem.
1431 3703 1433 3708 ·

418 3808 456 3872 In
485 3809 546 3872 hoc
575 3828 677 3890 versu,
707 3811 766 3873 etsi
795 3811 924 3873 mutatis
955 3808 1070 3891 verbis,
1094 3827 1284 3892 cognoscere
1314 3827 1486 3891 possumus

374 3933 457 3998 Livii
486 3936 714 4019 cogitationem.
746 3934 854 3998 XXII.
879 3937 929 3998 29.
954 3935 973 3997 6
1004 3934 1133 4019 „padam
1156 3935 1275 3999 ferente
1298 3934 1487 4017 Hannibale,

374 4062 413 4126 ab
447 4081 481 4126 se
513 4061 700 4144 Minucium,
729 4082 763 4127 se
795 4062 834 4125 ab
864 4061 961 4125 Fabio
992 4061 1146 4138 victum,''
1173 4064 1278 4126 et30.
1304 4064 1343 4126 10
1372 4061 1487 4145 „Han-

372 4187 511 4251 nibalem
540 4188 660 4251 dixisse
681 4187 797 4266 ferunt,
822 4188 948 4252 tandem
971 4207 1041 4252 eam
1064 4186 1192 4270 nubem,
1216 4206 1298 4271 quae
1321 4188 1429 4253 sedere
1451 4189 1485 4252 in

373 4313 458 4396 iugis
481 4313 636 4376 montium
659 4312 751 4376 solita
774 4314 823 4396 sit,
846 4333 921 4377 cum
943 4313 1079 4396 procella
1101 4312 1235 4377 imbrem
1258 4313 1412 4378 dedisse.''
