3364 5118
756 631 796 692 15

216 840 333 904 tionem
363 837 425 904 feci
455 844 504 904 est
533 839 710 904 dissertatio
737 839 934 922 inauguraiis
967 837 1011 901 Io.
1035 837 1284 902 Schlichteisenii
1297 835 1330 918 ¹),

217 964 270 1026 cui
311 963 440 1027 titulus:
487 961 560 1043 „De
599 962 661 1027 fide
701 963 852 1026 historica
886 961 956 1026 Silii
991 961 1092 1025 Italici
1129 963 1330 1045 quaestiones

217 1086 383 1151 historicae
416 1093 447 1152 et
479 1087 715 1171 philologicae.”
749 1087 905 1171 Bipartito
939 1087 990 1150 hic
1023 1092 1134 1150 auctor
1167 1088 1331 1151 materiam

216 1214 410 1278 tractandam
442 1215 557 1297 divisit,
587 1216 622 1277 in
651 1219 771 1298 partem
803 1213 955 1298 poeticam
982 1218 1013 1276 et
1036 1214 1226 1278 historicam.
1250 1211 1331 1296 Ocn-

216 1339 290 1404 tulit
324 1359 358 1405 se
392 1340 430 1404 ad
466 1341 746 1405 demonstrandum
775 1340 871 1404 fidem
901 1340 1083 1404 historicam
1114 1338 1232 1403 Siliano
1264 1359 1330 1403 car·

217 1465 297 1529 mini
318 1485 383 1529 non
405 1467 518 1548 inesse,
542 1467 597 1531 sed
620 1486 675 1550 per
697 1472 798 1530 totum
823 1485 958 1548 carmen,
981 1466 1108 1530 licentia
1129 1483 1210 1548 quae
1229 1467 1330 1550 poetis

215 1590 380 1655 indefinita
403 1594 557 1676 permissa
580 1594 630 1675 sit,
653 1598 798 1657 nostrum
822 1613 919 1656 usum
944 1611 1021 1675 esse,
1046 1611 1109 1675 quo
1128 1591 1164 1656 fit
1183 1592 1331 1675 utplane

217 1715 381 1781 abhorreat
413 1719 452 1782 ab
486 1718 688 1800 Heynacheri
717 1721 847 1800 ratione,
879 1739 974 1802 quam
1004 1737 1097 1801 saepe
1120 1717 1330 1782 acerbissimis

218 1841 322 1906 verbis
345 1846 538 1928 perstringit,
558 1850 593 1908 ut
611 1866 640 1929 p.
663 1845 713 1926 12,
734 1844 791 1908 ubi
810 1844 887 1908 haec
906 1843 1074 1927 leguntur:
1092 1843 1233 1925 ,Verum
1245 1844 1329 1907 enim

216 1986 291 2031 vero
316 1988 350 2033 se
372 1971 406 2032 in
428 1975 521 2054 poeta
543 1970 705 2034 tractando
724 1971 851 2052 versari,
873 1971 966 2033 cuius
986 1975 1021 2032 ut
1040 1988 1115 2033 vera
1126 1969 1209 2034 dicat
1221 1971 1329 2047 minus

216 2095 369 2158 interesse
391 2095 491 2178 debet,
516 2116 611 2179 quam
635 2101 671 2160 ut
695 2097 834 2178 delectet,
854 2094 1084 2175 Heynacherus
1101 2094 1329 2178 paeneoblitus

216 2237 285 2284 esse
310 2219 442 2302 videtur,
465 2241 538 2286 cum
560 2223 727 2306 perpaucis
750 2226 873 2285 tantum
892 2221 970 2284 locis
988 2220 1163 2284 libertatem
1175 2220 1329 2303 poeticam
1444 2217 1447 2224 “

216 2343 277 2407 sibi
299 2343 421 2408 obiciat.
444 2344 632 2409 Immo-dici
654 2347 711 2408 vix
732 2351 843 2430 potest,
867 2366 964 2430 quam
987 2346 1087 2409 multa
1104 2345 1231 2422 absona,
1251 2345 1329 2428 quin

216 2470 309 2533 etiam
333 2469 412 2534 falsa
434 2469 527 2535 nobis
549 2470 786 2535 venditaverit’'

259 2594 450 2659 ihactandos
484 2596 544 2660 sibi
578 2596 672 2680 elegit
705 2603 769 2661 tres
802 2595 909 2680 libros,
944 2598 1081 2678 tertium,
1116 2601 1265 2680 quartum
1299 2602 1329 2660 et
1398 2677 1402 2684 ⁸

217 2723 375 2805 quintum,
406 2742 486 2806 quos
517 2724 696 2806 aptissimos
725 2728 876 2804 censeret,
906 2728 937 2787 et
966 2728 1092 2806 propter
1113 2723 1275 2786 materiam
1299 2725 1330 2786 et

215 2843 342 2932 pr'opter
369 2847 493 2912 fabulas
524 2868 598 2913 cum
621 2850 752 2914 historia
773 2849 889 2913 tradita
911 2850 1036 2930 mixtas,
1061 2848 1178 2931 quibus
1201 2848 1329 2912 demon-

215 2978 341 3055 stretur,
362 2994 458 3057 quam
478 2976 632 3038 rationem
646 2976 680 3037 in
694 2976 832 3038 carmine
844 2973 1061 3058 componendo
1074 2972 1171 3038 Silius
1183 2974 1328 3038 tenuerit.

260 3099 299 3162 In
322 3099 553 3183 disquisitionis
576 3106 664 3184 parte
685 3103 789 3185 priore
811 3106 923 3165 tractat
945 3120 996 3165 res
1018 3100 1178 3165 fabulosas
1201 3105 1232 3164 et
1250 3100 1329 3163 ficti-

216 3226 290 3307 ciaS,
324 3245 404 3309 quas
438 3232 529 3310 potita
557 3227 654 3292 rebus
678 3228 836 3292 historicis
862 3229 998 3308 miscuit,
1020 3232 1057 3291 ut
1079 3227 1265 3310 legationem
1290 3226 1328 3292 ab

216 3349 396 3416 Hannibale
430 3353 469 3416 ad
498 3354 666 3424 Ammonis
697 3354 862 3418 oraculum
893 3356 1032 3436 missam,
1055 3355 1267 3418 narrationem
1290 3355 1329 3419 de

216 3477 453 3559 Pyrenaeorum
482 3480 621 3543 nominis
652 3480 781 3562 origine,
803 3485 962 3544 certamen
991 3479 1123 3544 fratrum
1146 3480 1329 3562 trigemino·

216 3624 289 3667 rum
323 3609 392 3668 cett.
426 3603 554 3688 Ubique
577 3606 686 3688 arripit
708 3607 905 3670 occasionem
928 3605 1129 3686 Heynacheri
1153 3607 1328 3670 sententiae

215 3731 459 3814 impugnandae,
482 3733 574 3814 quasi
605 3730 674 3795 Silii
697 3751 821 3795 carmen
846 3733 928 3794 inter
949 3731 1052 3795 fontes
1075 3732 1241 3795 historicos
1263 3731 1326 3796 fide

217 3856 349 3939 dignum
373 3857 421 3919 sit.
445 3855 504 3919 Sic.
528 3877 557 3939 p.
582 3858 621 3919 31
646 3856 840 3920 demonstrat
863 3855 1010 3920 Gestar
1032 3875 1149 3921 nomen
1168 3856 1327 3921 Punicum

215 3981 418 4045 notissimum
447 3980 557 4062 fuisse,
586 3981 671 4064 quod
700 3987 748 4045 ter
760 3981 783 4061 ²)
807 3981 847 4044 ad
869 3981 1009 4045 diversas
1032 4000 1183 4065 personas
1207 3981 1327 4065 signifi-

249 4278 275 4343 l)
293 4277 457 4344 Regimontii,
476 4275 547 4327 1881.

248 4368 275 4437 2)
291 4369 333 4420 sil.
352 4369 384 4420 ΙΙ.
401 4367 459 4434 327,
476 4368 534 4419 XII.
551 4365 609 4432 262,
627 4367 670 4418 1v.
687 4365 745 4420 627.
