3360 5116
889 542 1003 604 62v

398 749 525 814 Livium
548 768 677 834 quoque
698 751 733 813 in
757 750 899 814 moribus
922 749 1083 814 Gallorum
1105 750 1319 815 describendis
1339 753 1467 814 secutus

355 853 424 941 esse
456 877 535 942 mihi
568 877 701 940 videtur.
736 875 780 940 uf.
810 875 853 939 X.
876 878 971 940 284
1003 875 1193 958 „Gallorum
1217 875 1345 960 quidem
1368 875 1462 938 etiam

356 1021 486 1086 corpora
507 1001 786 1065 intolerantissima
808 1000 925 1066 laboris
945 1007 1040 1084 atque
1060 1007 1165 1066 aestus
1184 1001 1292 1084 fluere,
1304 1002 1468 1085 primaque

355 1127 473 1210 proelia
500 1127 574 1211 plus
605 1147 701 1211 quam
731 1128 883 1210 virorum,
906 1132 1065 1211 postrema
1088 1130 1196 1192 minus
1220 1147 1315 1211 quam
1338 1127 1468 1192 femina·

355 1273 427 1317 rum
450 1253 548 1336 esse,''
572 1260 603 1317 et
624 1252 663 1316 V.
687 1255 731 1316 44
756 1253 869 1335 „Gens
882 1258 938 1336 est,
950 1255 1003 1317 oui
1015 1259 1129 1318 natura
1141 1273 1271 1338 corpora
1282 1254 1468 1336 animosque

356 1399 471 1463 magna
503 1381 604 1463 magis
640 1399 735 1462 quam
767 1378 860 1442 firma
894 1378 1021 1443 dederit.
1052 1378 1099 1443 Eo
1130 1381 1165 1442 in
1195 1383 1352 1444 certamen
1376 1396 1468 1442 omne

355 1505 428 1589 plus
451 1507 578 1570 terroris
602 1526 698 1590 quam
722 1507 839 1569 virium
860 1505 986 1570 ferunt”
1001 1503 1031 1588 ¹).

401 1632 454 1697 Sil.
477 1632 565 1695 VIII.
590 1633 648 1695 21:

488 1757 549 1822 His
573 1777 676 1842 super,
699 1759 842 1822 internae
864 1757 960 1841 labes,
982 1763 1013 1823 et
1037 1759 1136 1821 eivioa
1160 1757 1279 1821 vulnus

488 1883 614 1947 Invidia
636 1882 808 1966 augebant:
833 1883 944 1948 laevus
966 1881 1131 1946 conatibus
1153 1881 1293 1945 Hannon

489 2007 639 2073 Ductoris
662 2028 726 2072 non
748 2009 816 2072 ulia
838 2009 931 2072 domo
955 2008 1141 2072 submittere
1162 2007 1272 2071 Patres

490 2134 633 2218 Auxilia,
651 2139 707 2198 aut
730 2135 804 2200 ullis
828 2133 942 2218 opibus
964 2135 1085 2198 iuvisse
1109 2132 1239 2197 sinebat.

385 2259 633 2340 *Heynaoherus
646 2261 686 2340 2t:
725 2259 866 2341 „Hanno
899 2259 1098 2324 hintertreibt
1119 2259 1203 2323 beim
1228 2257 1470 2342 Carthagisohen

360 2385 456 2451 Senat
486 2387 537 2451 die
566 2385 821 2470 Unterstiitzung
844 2387 898 2450 des
922 2385 1100 2449 Hannibal:
1126 2386 1193 2450 dies
1217 2383 1471 2468 entgegenarbei-

360 2514 414 2574 ten
444 2510 500 2574 der
529 2510 779 2575 Hannonischen
801 2510 907 2574 Partei
930 2510 1071 2574 erwahnt
1092 2530 1155 2574 nur
1177 2511 1311 2594 Appian.
1333 2508 1471 2572 Hannib.

362 2634 411 2697 16.
423 2633 534 2699 Livius
550 2636 669 2719 sprioht
680 2640 743 2700 erst
755 2636 836 2698 nach
848 2636 903 2699 der
914 2635 1061 2699 Sahlaoht
1073 2655 1137 2699 von
1150 2634 1276 2700 Cannae
1289 2636 1400 2699 davon.
1412 2633 1471 2699 Die

361 2759 567 2844 Erwahnung
586 2761 641 2824 der
651 2758 901 2825 Hannonisohen
915 2759 1099 2844 Opposition
1111 2760 1249 2844 beweist,
1262 2761 1334 2825 dass
1346 2780 1381 2825 er
1392 2761 1472 2825 auch

278 2957 283 2965 ,
361 2885 395 2947 in
416 2885 471 2948 der
490 2883 687 2968 Disposition
700 2887 803 2950 seines
817 2886 966 2952 Gediohts
979 2888 1039 2952 den
1051 2864 1162 2953 Iiuius
1174 2889 1262 2953 nieht
1272 2889 1390 2973 gefolgt
1401 2886 1471 2951 ist’'

407 3009 441 3073 Si
474 3029 510 3074 eo
544 3011 623 3094 loeo,
654 3030 717 3095 quo
747 3011 857 3088 Livius
884 3012 1052 3079 Hannonis
1076 3016 1335 3099 repugnationem
1360 3019 1473 3096 narrat,

361 3138 623 3221 praetermisisset
664 3156 733 3202 eam
778 3138 884 3222 Silius,
917 3159 1028 3205 verum
1072 3142 1201 3206 sentiret
1234 3141 1473 3222 Heynacherus,

364 3263 558 3328 contendens
593 3266 741 3328 carminis
775 3265 1014 3348 dispositionem
1033 3266 1086 3330 ab
1122 3268 1231 3332 ordine
1252 3287 1369 3350 rerum,
1393 3268 1474 3330 siout

364 3359 382 3454 a
409 3389 500 3453 Livio
530 3395 709 3474 narrantur,
739 3390 914 3456 abhorrere.
938 3391 1034 3456 Nune
1051 3405 1140 3476 vero,
1163 3395 1270 3457 minus
1293 3397 1385 3467 reete,
1410 3393 1475 3474 opi-

363 3538 431 3602 nor,
461 3538 528 3583 rem
561 3519 688 3602 aooepit.
719 3517 784 3582 Suo
814 3519 882 3583 looo
914 3521 1009 3602 enim,
1038 3521 1058 3582 i.
1077 3538 1102 3584 e.
1134 3524 1205 3603 post
1232 3539 1372 3603 pugnam
1396 3515 1476 3581 Can-

363 3663 505 3728 nensem,
527 3663 594 3708 rem
615 3645 722 3728 posuit
734 3642 767 3728 8),
789 3646 887 3729 idque
907 3665 943 3710 eo
963 3646 1057 3710 modo
1077 3651 1114 3710 ut
1122 3645 1274 3710 Livianae
1285 3645 1476 3710 narrationis

364 3771 498 3854 vestigia
530 3771 647 3854 passim
685 3775 860 3834 occurrant.
890 3770 1075 3835 Videndum
1107 3776 1163 3854 est,
1187 3790 1268 3855 quae
1298 3772 1377 3834 ratio
1401 3789 1477 3834 enm

401 4020 426 4084 l)
450 4017 486 4069 Cf.
508 4019 587 4069 etiam
609 4017 696 4084 Polyb.
713 4017 746 4067 li.
763 4012 804 4082 33,
822 4013 872 4074 τοῖς
890 4034 918 4066 τε
937 4017 1156 4078 introirent-itroire
1174 4013 1371 4079 potientioribus,
1389 4012 1478 4072 lucau

366 4107 471 4171 ἀκέραιον
487 4106 508 4172 ᾖ,
526 4110 693 4172 φοβερώτατόν
711 4107 763 4158 ἔστι
779 4113 826 4158 πᾶν
843 4110 871 4158 τὸ
889 4111 1022 4158 Γαλατικὸν
1040 4111 1123 4172 φῦλον.

400 4202 427 4267 2)
446 4202 533 4268 Progr.
550 4217 571 4252 o.
588 4199 605 4250 5
622 4205 632 4264 i
651 4200 690 4253 14.

400 4291 682 4360 fflfflssfflm
