3360 5116
224 1135 226 1138 -
293 1094 360 1158 Liv.
384 1095 492 1158 XXII.
520 1097 578 1159 19:

293 1220 405 1304 Itaque
434 1225 471 1284 ut
500 1221 694 1304 improvidos
716 1223 925 1304 incautosque
947 1223 1101 1284 universo
1125 1221 1221 1284 simul
1246 1226 1365 1284 terrore

251 1346 408 1410 effuso
433 1349 632 1431 opprimeret,
657 1337 790 1411 sublatis
813 1349 937 1410 ancoris
963 1347 1001 1410 ad
1025 1347 1145 1410 hostem
1172 1347 1266 1424 radit.

293 1471 426 1556 Requiri
449 1473 590 1537 videtur:
617 1473 662 1536 of
669 1473 685 1535 f
694 1493 715 1536 u
729 1493 744 1536 s
757 1493 783 1536 ο.

752 1757 870 1814 XXVI.

294 1958 361 2022 Liv.
383 1960 491 2024 XXII.
518 1963 577 2028 54:
603 1978 606 1983 ·

296 2086 433 2153 Consule
456 2089 661 2172 exercituque
684 2089 723 2151 ad
744 2087 986 2152 Trasimennum
1011 2090 1113 2170 priore
1136 2107 1219 2152 anno
1242 2061 1366 2152 amiSso

251 2232 317 2277 non
345 2212 473 2294 vulnus,
503 2213 558 2277 sed
590 2214 759 2298 multiplex
790 2214 903 2294 clades
926 2233 1014 2276 cum*
1031 2212 1157 2277 duobus
1180 2214 1366 2278 consulibus

135 2323 142 2336 ⁹
254 2323 317 2403 duo
340 2339 522 2434 consuleres
545 2341 704 2403 exercitus
727 2342 837 2404 amissi
860 2340 1100 2404 nuntiabantur.

294 2453 538 2529 Emendandum
560 2464 703 2559 videtur:
727 2485 849 2552 nunc
873 2485 958 2530 non
984 2466 1168 2530 vulnus.

676 2781 678 2785 ·
707 2739 708 2744 '
741 2759 874 2817 xxvii.

293 2961 360 3029 Liv.
381 2963 508 3029 XXIII.
533 2965 595 3027 16:
627 3011 629 3014 -

295 3091 378 3156 Satis
412 3094 540 3157 terroris
574 3092 798 3175 tumultusque
827 3093 861 3155 in
894 3060 1031 3157 molliam
1063 3091 1162 3156 aciem
1184 3091 1367 3175 intulerant,

251 3237 324 3282 cum
347 3218 471 3282 duabus
494 3219 593 3301 portis
616 3216 653 3282 P.
676 3217 824 3281 Valerius
843 3217 976 3282 Flaccus
997 3223 1028 3282 et
1048 3217 1079 3280 C.
1098 3217 1253 3282 Aurelius
1271 3218 1366 3301 legati

249 3347 284 3408 in
308 3322 429 3408 cornua
451 3345 591 3408 hostium
614 3363 753 3442 erupere.
800 3364 804 3376 ·

195 3524 196 3530 ,
295 3469 505 3534 Scribendum
527 3470 669 3533 videtur:
701 3471 746 3532 in
776 3469 968 3533 mediam
996 3471 1084 3536 iam
1113 3470 1265 3532 aciem.

732 3740 882 3800 XXVIII.

293 3943 360 4011 Liv.
379 3943 519 4012 XXVII.
543 3948 602 4010 46:

294 4075 447 4160 Fessique
470 4076 590 4158 aliquot
614 4092 767 4139 somno
791 4081 822 4140 et
844 4072 960 4160 vigiliis
981 4080 1127 4140 sternunt
1144 4091 1275 4160 corpora
1294 4092 1364 4159 pas-

251 4202 311 4265 sim
335 4208 430 4286 atque
454 4202 667 4285 infrequentia
688 4202 875 4285 relinquunt
898 4204 996 4286 signa.

297 4326 527 4412 Corrigendum
550 4333 614 4391 est:
638 4327 681 4390 in
695 4347 710 4391 s
722 4347 740 4390 o
753 4348 785 4390 m
798 4346 819 4390 n
831 4330 843 4390 i
856 4348 882 4390 o.
