3364 5118
377 771 430 836 sil.
453 770 528 835 VII.
551 772 633 835 405:

729 935 771 943 —-
796 935 836 944 -
860 897 921 962 Sed
944 899 971 962 si
993 916 1190 982 compescere
1213 899 1308 962 corda

464 1023 538 1088 Non
561 1024 655 1088 datur
676 1026 785 1108 oranti,
808 1043 923 1108 magno
947 1029 978 1088 te
999 1027 1069 1090 iure
1092 1026 1208 1109 pioque

465 1148 607 1214 Dictator
629 1169 740 1244 capere
762 1170 850 1214 arma
871 1156 952 1214 veto.

377 1296 444 1360 Iiv.
464 1296 572 1361 XXII.
599 1299 647 1361 18.
672 1300 691 1361 8
717 1297 815 1379 „Non
837 1300 969 1383 imperio
993 1299 1096 1381 modo,
1119 1299 1173 1363 sed
1197 1300 1329 1364 consilio
1353 1303 1447 1364 etiam

335 1442 371 1486 ac
393 1441 489 1507 prope
511 1422 658 1507 precibus
681 1442 778 1507 agens
801 1443 875 1487 cum
897 1423 1049 1507 Magistro
1071 1423 1248 1507 Equitum’'
1273 1462 1315 1470 -
1341 1463 1390 1488 -.

378 1571 432 1636 Sil.
454 1571 527 1635 VH.
552 1572 634 1635 409:

466 1721 549 1785 Ecce
571 1726 677 1786 autem
700 1720 780 1784 flatu
802 1721 912 1785 classis
933 1721 1109 1786 Phoenissa
1131 1723 1270 1786 secundo

465 1846 572 1911 Litora
595 1845 727 1929 Caietae,
751 1846 1060 1932 Laestrygoniosque
1083 1866 1227 1912 recessus

468 1972 617 2037 Sulcabat
639 1974 758 2054 matria,
780 1977 956 2056 portusque
978 1974 1110 2035 intrarat
1133 1977 1264 2056 apertos.
1381 2015 1383 2020 ,

381 2119 465 2197 Quid
488 2122 526 2186 de
548 2123 607 2185 hac
629 2121 729 2186 classe
752 2122 953 2205 cogitandum
979 2124 1019 2186 sit
1041 2122 1241 2206 aliquantum
1264 2123 1381 2187 dubito.

380 2247 582 2314 Dissentiunt
603 2250 664 2311 viri
688 2249 778 2312 docti.
801 2247 952 2332 Rupertio
977 2249 1101 2313 videtur
1116 2250 1194 2314 haec
1213 2248 1322 2313 classis
1340 2249 1449 2313 eadem

337 2393 415 2457 esse,
456 2395 554 2459 quam
593 2373 748 2456 Polybius
769 2374 792 2455 ¹)
832 2378 941 2438 narrat
981 2376 1082 2459 primo
1122 2376 1156 2437 in
1191 2374 1377 2456 Sardiniam,
1412 2394 1449 2438 ac

338 2499 451 2563 deinde
490 2499 581 2563 Pisas
622 2500 657 2561 in
696 2497 788 2562 Italia
828 2499 995 2582 appulisse.
1035 2498 1162 2562 Ernesti
1197 2503 1307 2562 contra
1341 2504 1447 2563 censet

337 2625 450 2690 Silium
473 2625 554 2689 hanc
576 2625 710 2688 classem
733 2623 772 2687 de
794 2643 853 2687 suo
875 2622 1016 2706 finxisse,
1039 2643 1102 2706 quo
1124 2625 1210 2686 viam
1230 2623 1291 2687 sibi
1308 2625 1449 2690 muniret

338 2751 377 2816 ad
410 2752 620 2815 narrationem
656 2749 695 2813 de
727 2747 918 2813 Nereidibus
946 2748 1098 2813 Proteum
1121 2752 1226 2812 vatem
1249 2747 1448 2812 adeuntibus.

339 2874 480 2952 Quorum
511 2875 599 2939 hunc
628 2893 689 2938 acu
718 2892 786 2938 rem
816 2875 956 2958 tetigisse
984 2874 1093 2954 credo,
1120 2874 1234 2956 quodsi
1255 2878 1347 2957 poeta
1370 2893 1449 2956 eam,
1520 2951 1523 2958 Ι

339 3021 434 3087 quam
463 3000 618 3083 Polybius
647 3004 799 3064 memorat
828 3000 969 3082 classem,
993 2999 1170 3084 significare
1199 3001 1360 3083 voluisset,
1382 3019 1448 3063 non

339 3132 414 3210 erat,
437 3127 523 3211 quod
543 3128 604 3191 iter
628 3127 697 3190 eius
717 3130 861 3190 mutaret.
880 3125 1046 3190 Praeterea
1064 3125 1226 3210 probabile
1237 3146 1303 3190 non
1314 3127 1449 3210 videtur,

338 3258 472 3340 poetam,
503 3253 558 3336 qui
588 3271 763 3335 numquam
793 3251 858 3316 fere
887 3243 1059 3332 Polybium
1088 3257 1240 3336 sequatur
1262 3255 1295 3316 in
1321 3272 1450 3337 magna-

339 3399 411 3444 rum
441 3397 548 3444 rerum
580 3377 800 3461 descriptione,
831 3377 883 3440 hic
905 3378 938 3440 in
963 3396 997 3441 re
1019 3384 1083 3442 tam
1106 3379 1196 3462 parvi
1217 3380 1370 3442 momenti
1391 3379 1451 3442 hoc

340 3505 541 3591 potissimum
565 3507 693 3568 auctore
715 3523 811 3567 nsum
834 3521 912 3567 esse.

384 3630 438 3695 Sil.
472 3629 544 3694 VII.
580 3610 753 3736 413—ss9ss
789 3629 924 3712 legimus
959 3629 1137 3713 episcdium
1169 3629 1451 3713 splendidissinum

342 3757 566 3840 doctrinaeque
586 3755 726 3840 plenum,
749 3772 813 3838 quo
836 3752 1031 3836 describitur,
1055 3759 1091 3817 nt
1111 3752 1287 3838 Nymphae,
1309 3753 1451 3818 Punicae

342 3883 452 3948 dassia
474 3881 612 3946 adventu
635 3880 824 3965 perterritae,
847 3878 1046 3963 confugerint
1071 3879 1111 3942 ad
1133 3878 1284 3943 Proteum
1306 3881 1449 3963 petitum,

343 4025 438 4093 quem
469 4004 596 4072 undam
618 4002 714 4069 finem
736 4003 920 4069 habiturum
944 4005 984 4068 sit
1007 4008 1098 4067 auox
1119 4003 1201 4067 illud
1222 4003 1343 4067 bellum
1363 4005 1447 4067 inter

377 4311 404 4378 1)
423 4311 468 4364 111.
483 4308 524 4363 aa
