3360 5116
876 552 918 614 90

340 758 416 823 fieas
439 779 542 843 nugas
563 761 625 822 viri
648 761 790 844 alioquin
813 763 890 825 satis
914 781 992 825 sano
1011 763 1139 845 ingenio
1150 761 1283 844 praediti
1294 761 1456 825 interdum

340 886 543 948 iactaverunt.
566 885 646 948 Mihi
667 905 856 969 persuasum
884 893 932 951 est
954 886 1077 951 Barthii
1088 853 1279 970 Heinsiique
1289 886 1456 950 lectionem

340 1012 509 1076 viscata
530 1013 658 1076 unicam
681 1031 789 1076 veram
811 1031 891 1078 esse.

384 1268 438 1334 Sit
461 1269 550 1332 VHL
578 1269 658 1332 373:

472 1443 540 1509 Nec
560 1464 631 1509 mes
651 1445 833 1528 pennigeris
855 1445 1035 1529 pharetram
1056 1446 1238 1530 implevisse
1262 1448 1401 1530 sagittis3

472 1557 543 1622 Pila
565 1559 687 1640 volunt,
712 1557 928 1642 brevibusque
951 1559 1071 1623 habiles
1093 1559 1303 1624 mucronibus
1326 1580 1426 1625 enses.

384 1721 582 1806 Languidins
610 1722 696 1805 quid,
720 1742 817 1805 quam
840 1723 989 1786 volunt
1011 1721 1090 1785 iilud
1113 1725 1171 1785 vix
1192 1724 1322 1806 reperiri
1344 1729 1457 1806 petest

346 1845 438 1923 Quod
458 1867 558 1931 quum
572 1847 666 1911 etalii
678 1848 830 1930 viderent,
842 1853 989 1932 corrupto
1002 1848 1071 1912 loeo
1082 1849 1202 1912 mederi
1215 1853 1457 1933 temptaverunt.

385 1973 424 2036 N.
457 1972 612 2037 Heinsius
646 1973 813 2055 volant,
845 1975 931 2058 quod
960 1978 1066 2038 tamen
1090 1976 1129 2039 de
1152 1975 1284 2040 ensibus
1307 1976 1370 2039 diei
1391 1996 1458 2040 non

347 2102 457 2184 potest
480 2097 653 2183 Rupertius
676 2101 857 2183 suspicatur
879 2100 1027 2165 eolnnt
1047 2102 1104 2164 ie.
1128 2106 1245 2183 amant,
1266 2102 1456 2186 praeferunt.

343 2225 405 2290 Sed
425 2225 486 2290 hoe
505 2225 641 2290 eundem
662 2245 793 2291 sensum
816 2225 945 2291 exhibet
968 2231 1064 2310 atque
1086 2227 1252 2310 velunt,
1269 2229 1315 2292 ita
1336 2233 1373 2292 ut
1391 2227 1458 2312 pla-

342 2370 412 2416 eere
437 2353 568 2416 minime
586 2352 746 2436 pessitin
765 2353 909 2415 animum
929 2353 1005 2415 mihi
1028 2353 1116 2416 venit
1138 2352 1323 2430 vibrant,
1345 2355 1380 2416 in
1401 2353 1458 2417 tali

342 2495 377 2540 re
410 2475 544 2541 verbum
577 2477 830 2540 usitatissimum.
875 2475 919 2540 ef,
955 2475 1017 2539 Cic.
1053 2474 1137 2541 Orat,
1170 2477 1212 2540 11,
1248 2479 1299 2542 30.
1333 2479 1457 2542 hastam

345 2600 477 2666 vibrare.
514 2601 576 2665 Cic.
609 2603 644 2665 in
679 2601 766 2665 Catil.
800 2601 841 2664 IL
875 2602 925 2664 10.
955 2603 1036 2666 sicas
1059 2601 1191 2667 vibrare.
1216 2600 1307 2666 Ovid.
1329 2602 1456 2666 Heroid.

342 2726 398 2791 IV.
421 2729 472 2791 43.
507 2727 649 2791 iaculum
680 2727 811 2791 vibrare.
835 2726 889 2791 Sil.
912 2726 937 2790 Ι.
962 2728 1034 2791 539.
1057 2728 1165 2792 [uun
1188 2730 1300 2793 iniusti
1323 2727 1458 2792 vibravit

342 2853 452 2918 lancea
473 2852 556 2917 belli.

388 3100 441 3165 Sil.
466 3099 525 3164 IX.
550 3100 628 3164 230:

473 3289 515 3298 -
538 3289 581 3298 -
605 3288 648 3297 -
670 3250 833 3334 Varioque
856 3268 976 3314 auxere
998 3250 1142 3314 tumultu

477 3378 682 3443 Flumineum
704 3376 789 3442 latus
813 3413 855 3422 -
878 3413 921 3423 -
945 3414 986 3423 —

389 3555 471 3619 Mira
482 3555 692 3639 discrepantia
701 3552 1013 3618 Codicuminverbe.
1022 3552 1169 3617 Oxenius
1177 3553 1456 3633 habetauxere3

345 3683 528 3747 Puteaneus
550 3681 770 3761 hausere,
790 3701 855 3764 qua
875 3699 919 3762 re,
938 3684 1156 3764 praeterquam
1178 3681 1264 3764 quod
1284 3701 1336 3744 au
1348 3700 1458 3745 xere

346 3810 432 3874 omni
455 3828 552 3873 sensu
573 3811 665 3888 earet,
689 3808 804 3871 vitium
828 3805 987 3890 quoddam
1010 3807 1085 3870 huie
1107 3807 1204 3871 verbo
1226 3809 1331 3872 inesse
1354 3808 1458 3891 suspi-

345 3952 406 3996 eor.
440 3932 540 3996 Plane
574 3932 728 4016 astipulor
761 3931 799 3995 N.
823 3930 956 3996 Heinsio
979 3930 1113 4015 legenti:
1137 3930 1191 3995 Et
1214 3933 1346 3996 vario
1370 3933 1457 3994 ein-

345 4079 462 4124 xere.
495 4058 599 4122 Prava
631 4059 724 4123 lectio
752 4059 797 4123 sie
821 4062 894 4121 nata
916 4075 985 4121 esse
1010 4057 1088 4120 mihi
1110 4057 1244 4121 videtur.
1270 4057 1377 4120 Primo
1401 4075 1456 4140 pre

345 4186 385 4248 ei
398 4204 420 4247 n
431 4205 454 4247 x
466 4203 559 4265 ere,
580 4184 666 4267 quod
673 4182 821 4247 facillime
831 4182 899 4247 fieri
911 4187 1041 4267 poterat,
1051 4181 1247 4246 scribebatur
1266 4202 1318 4246 au
1330 4202 1353 4245 x
1366 4201 1383 4246 e
1394 4202 1411 4244 r
1423 4200 1455 4261 e;

347 4310 432 4394 qnod
463 4311 575 4375 vitium
609 4330 708 4394 quum
733 4310 831 4374 semel
852 4311 887 4373 in
910 4314 1035 4374 textum
1058 4310 1244 4393 irrepsisset,
1265 4312 1366 4372 metro
1389 4327 1457 4392 per-
