3360 5116
896 533 936 595 56

363 745 508 821 nehmen,
533 746 597 807 234
620 743 767 828 geboren.
789 741 884 807 Dann
906 744 949 806 ist
972 742 1053 806 auch
1076 742 1127 806 die
1147 737 1281 827 Angabe
1300 740 1479 823 des'Silius,

363 871 436 934 dass
468 869 542 934 Cato
573 875 695 934 unter
725 869 812 933 dem
843 867 1040 932 Dictator
1061 867 1216 932 Fabius
1239 887 1309 931 au.
1335 867 1396 930 537
1419 887 1479 953 ge·

361 995 490 1078 kimpft,
509 995 597 1058 nicht
620 1014 662 1058 nu
684 993 897 1058 bezweiieln.”

405 1119 492 1183 Num
522 1121 557 1182 in
580 1119 639 1182 hac
661 1138 695 1182 re
718 1124 802 1183 recte
824 1118 938 1182 viderit
959 1117 1019 1181 Vir
1040 1115 1252 1182 Doctissimus
1273 1117 1480 1182 vehementer

363 1243 573 1307 dubitandum
607 1243 707 1308 credo.
735 1243 781 1307 Re
803 1245 920 1307 iterum
942 1247 1038 1326 utque
1059 1244 1176 1307 iterum
1198 1261 1360 1326 perpensa,
1383 1263 1403 1306 a
1424 1262 1479 1306 me

362 1371 530 1452 impetrare
552 1389 617 1433 non
628 1370 726 1453 potui,
739 1373 776 1432 ut
788 1369 991 1432 concederem
1005 1366 1154 1432 Catonem
1167 1367 1263 1431 Fabio
1276 1368 1358 1432 duce
1374 1370 1480 1452 prima

363 1495 518 1577 stipendia
541 1496 705 1576 meruisse,
724 1498 761 1557 ut
779 1493 877 1558 Silius
896 1493 988 1557 nobis
1008 1493 1144 1576 tradidit,
1156 1495 1209 1556 cui
1226 1493 1287 1556 hoc
1298 1492 1368 1556 loco
1379 1492 1478 1557 fidem

362 1619 538 1683 habendam
562 1638 630 1683 esse
652 1623 742 1703 putat
763 1618 1000 1699 Heynacherus.
1025 1617 1117 1694 Quod
1141 1619 1303 1683 contendit
1320 1617 1477 1702 Nepotem

296 1801 298 1806 .
364 1746 484 1809 dixisse
518 1763 590 1820 eum
623 1744 657 1820 Q.
689 1745 785 1808 Fabio
817 1743 967 1827 Maximo,
988 1743 1030 1806 Μ.
1056 1743 1186 1808 Claudio
1209 1743 1358 1808 Marcello
1383 1742 1478 1826 (ἶοεεἼ

367 1872 386 1933 i.
410 1889 434 1934 e.
468 1871 540 1933 214.
564 1891 590 1934 a.
614 1868 646 1934 Ο.
669 1890 709 1953 n.,
733 1873 873 1955 primum
896 1871 1090 1954 stipendium
1107 1867 1276 1954 meruisse,
1298 1872 1359 1934 hac
1381 1871 1420 1935 de
1441 1889 1477 1936 re

366 1998 496 2060 minime
526 1998 608 2060 inter
631 1996 739 2061 doctos
762 2002 891 2060 constat.
915 1996 1018 2060 Immo
1041 2015 1115 2060 vero
1139 1998 1230 2061 video
1254 1998 1388 2080 optimas
1411 1997 1478 2061 edi·

366 2123 477 2204 tiones,
511 2124 594 2186 inter
624 2143 703 2207 quas
735 2124 865 2187 editioni
888 2144 906 2186 a
927 2122 1006 2187 Viro
1031 2121 1212 2187 Clarissimo
1236 2122 1352 2203 Cobeto
1375 2141 1479 2207 nuper

366 2246 467 2311 editae
494 2249 667 2331 prinoipem
696 2249 803 2313 locum
826 2248 931 2313 deberi
956 2250 1057 2324 credo,
1079 2250 1333 2333 interpunctione
1355 2253 1478 2339 mutata

367 2372 497 2436 habere:
537 2372 598 2454 „Q
629 2372 726 2436 Fabio
755 2372 906 2456 Maximo,
935 2373 979 2436 Mt
1002 2372 1133 2438 Claudio
1156 2374 1477 2439 Marcellotribunus

367 2498 427 2562 fuit
450 2500 483 2560 in
507 2497 642 2562 Sicilie''.

410 2626 482 2688 Van
513 2625 663 2690 Staveren
692 2627 726 2689 in
757 2625 904 2691 Editione
927 2646 985 2691 sua
1007 2626 1138 2710 Nepotis
1150 2625 1174 2709 1)
1200 2628 1239 2690 ad
1261 2628 1349 2691 hunc
1370 2628 1475 2691 locuni

366 2757 511 2815 annotat:
539 2750 648 2835 „Ergo
671 2756 743 2835 post
765 2753 824 2815 tria
848 2752 1003 2834 stipendia
1026 2753 1131 2816 statim
1153 2752 1391 2818 factus-fuisset
1410 2754 1476 2816 Tri-

365 2875 483 2957 bunuS,
517 2876 602 2959 quod
637 2876 700 2940 illis
736 2875 939 2959 temporibus,
976 2876 1102 2959 quibuS,
1134 2882 1304 2961 antequam
1336 2879 1477 2962 quinque

367 3000 523 3082 stipendia
543 2999 679 3083 fecisset,
701 3002 741 3064 ed
762 3000 894 3064 Tribuni
913 3021 1032 3065 munus
1051 3020 1143 3065 nemo
1164 3002 1362 3086 evehebatur,
1375 3005 1477 3068 neuti-

368 3145 465 3207 quam
489 3125 664 3209 congruit'’.

410 3247 603 3314 Tribunatus
638 3251 774 3314 militum
810 3256 876 3315 erat
909 3253 992 3316 inter
1021 3255 1139 3336 primos
1170 3254 1288 3337 gradus
1317 3254 1477 3337 militenen,

369 3395 449 3458 quos
468 3375 632 3441 Romanus
651 3379 782 3442 honesto
793 3379 863 3442 loco
875 3383 970 3443 natus
982 3383 1088 3443 tenere
1101 3379 1227 3444 solebat
1240 3379 1292 3444 Sic
1302 3381 1337 3442 in
1348 3379 1476 3444 Somnio
1562 3407 1564 3412 ·

368 3501 533 3585 Scipionis,
557 3505 642 3586 quod
662 3505 746 3588 apud
764 3504 961 3569 Macrobium
980 3506 1124 3589 legimus,
1143 3505 1178 3569 P.
1191 3505 1294 3590 Scipio
1307 3506 1479 3570 Africanus

368 3629 481 3710 Minor,
505 3649 605 3712 quum
627 3632 662 3693 in
684 3631 824 3695 Africam
847 3631 1006 3696 Tribunus
1029 3631 1167 3696 militum
1190 3638 1326 3715 venerat,
1343 3600 1478 3717 ,paene

369 3753 479 3817 miles''
503 3756 684 3838 appellatur.
707 3756 872 3821 Praeterea
890 3756 959 3821 fieri
979 3762 1089 3840 potest,
1109 3765 1146 3820 ut
1164 3757 1477 3823 iuvanteIaValerio

368 3880 488 3961 FlaccO,
523 3900 619 3964 quem
656 3883 685 3945 ei
719 3901 918 3966 summopere
950 3881 1067 3947 favisse
1100 3887 1222 3947 constat
1246 3885 1281 3968 2),
1315 3885 1476 3968 aliquanto

371 4023 515 4032 -ομ-

402 4088 429 4152 1)
446 4087 565 4153 Lugduni
584 4087 748 4152 Batavorum,
765 4088 838 4140 1774.

402 4178 429 4242 2)
448 4179 516 4228 Plut.
539 4179 607 4229 Cato.
630 4195 651 4230 c.
675 4180 721 4229 ΙΙΙ.
743 4181 834 4237 πολλὴν
858 4179 883 4229 δὲ
900 4183 944 4230 τοῦ
961 4179 1089 4242 Οὐαλερίου
1106 4181 1176 4245 τιμὴν
1192 4199 1220 4232 τε
1238 4181 1279 4233 καὶ
1297 4182 1393 4247 δύναμιν
1411 4181 1477 4248 αὐτῷ

369 4269 529 4330 προστιθέντος
546 4271 689 4334 χιλιαρχίας
706 4269 782 4334 ’ἔτυχε
800 4275 895 4333 πρῶτον.
