3360 5116
916 587 957 648 92

378 791 475 874 velut,
494 793 550 875 qui
571 791 661 858 loeus
678 795 835 877 imprimis
853 795 1067 859 coniecturam
1087 813 1191 858 meam
1207 794 1396 860 confirmare
1408 797 1496 860 vido-

378 923 440 999 tur,
472 919 507 980 in
537 918 634 982 Plinii
656 919 812 1003 epistolis:
850 919 964 984 Ossa
993 920 1112 985 nuda
1141 926 1185 984 et
1214 939 1376 1002 exesa3
1408 923 1497 1006 apud

379 1042 547 1107 Senecam:
580 1043 696 1108 Saxa
726 1064 882 1126 exesa3
905 1045 959 1110 Sil.
984 1045 1040 1110 VI.
1066 1045 1146 1110 161:
1171 1045 1285 1111 Ossa
1308 1066 1495 1112 semesa

424 1303 477 1368 Sit
500 1303 589 1369 XVI
614 1305 697 1368 621:

512 1456 574 1531 An,
598 1474 698 1538 quum
721 1459 758 1518 tu
781 1455 890 1536 Syrtin
913 1475 950 1519 ac
973 1455 1095 1520 steriles
1119 1456 1257 1520 vastabis
1281 1476 1402 1540 arenas

510 1579 585 1644 Non
606 1581 675 1644 dira
695 1581 750 1646 illa
772 1581 844 1646 lues
866 1584 950 1646 notis
973 1583 1039 1646 iam
1060 1581 1227 1647 moenibus
1249 1582 1339 1648 urbis

510 1706 670 1771 Adsiliet?

424 1868 589 1946 Quomodo
612 1869 714 1952 Syrtis
737 1891 773 1934 ac
797 1871 922 1936 steriles
943 1890 1057 1936 menae
1075 1873 1194 1936 vastari
1212 1871 1345 1956 possint,
1358 1891 1495 1956 egonou

377 2014 537 2080 assequor.
569 1995 687 2080 legere
713 1997 821 2060 malim
843 1996 1080 2061 lustrabis
1102 1998 1160 2060 ie.
1184 2015 1359 2080 percurres
1383 2017 1497 2080 quam·

379 2140 475 2205 quam
511 2122 688 2186 emendatio
721 2121 854 2186 fortasse
885 2121 1034 2186 audacior
1064 2126 1119 2186 est
1151 2121 1277 2186 Passim
1310 2124 1356 2186 sic
1378 2122 1498 2206 legitur

377 2248 607 2328 lustrare,
641 2252 691 2311 ut:
727 2246 845 2332 Vergil.
881 2248 961 2311 Aen.
991 2247 1050 2310 ΠΙ.
1083 2247 1164 2310 385:
1196 2267 1317 2331 aequor
1338 2247 1494 2328 lustrare3

376 2372 485 2436 Horat
509 2371 611 2437 Germ.
632 2372 690 2436 IlI.
710 2374 760 2436 25.
782 2374 839 2435 1‘2:
859 2372 1034 2457 Rhodopen
1052 2373 1205 2452 lustrare3
1227 2372 1290 2438 Cic.
1302 2372 1393 2438 Tusc.
1405 2372 1495 2458 Disp.

376 2499 433 2563 IV.
459 2500 514 2562 19:
539 2504 655 2563 terram
678 2498 823 2564 lustrare.

421 2784 475 2849 Sil.
498 2783 588 2848 XVI.
613 2784 693 2846 667:

510 2933 560 2998 Ne
580 2933 678 2998 finem
699 2933 804 3017 longis
827 2932 955 2998 tandem
977 2935 1138 3018 peperisse
1161 2933 1265 2998 ruinis

511 3058 559 3124 Sit
581 3065 690 3124 noster
712 3060 833 3124 titulus.

424 3209 533 3274 Primo
556 3209 669 3274 obtutu
692 3211 726 3273 in
749 3209 799 3273 his
822 3206 927 3272 verbis
950 3209 1057 3272 omnia
1079 3212 1163 3274 recte
1187 3227 1222 3273 se
1244 3207 1369 3274 habent.
1392 3208 1496 3273 Paulo

378 3337 558 3400 accuratius
591 3339 697 3399 autem
730 3353 767 3399 ea
796 3336 1017 3418 inspicientem
1046 3334 1154 3399 fallere
1175 3353 1241 3399 non
1263 3339 1375 3418 potest,
1398 3333 1496 3398 verbo

377 3463 559 3527 taudem
590 3463 706 3525 mirum
733 3462 892 3545 quendam
915 3461 1100 3545 languorem
1123 3463 1235 3526 inesse.
1259 3460 1364 3546 Scipio
1387 3467 1496 3526 monet

377 3588 502 3672 milites,
524 3593 561 3653 ut
583 3587 644 3653 sibi
666 3587 799 3653 fortasse
818 3587 911 3652 detur
930 3586 1152 3671 Carthaginem
1171 3592 1319 3670 evertere,
1334 3606 1398 3671 quo
1410 3586 1493 3650 facto

377 3713 459 3777 bello
492 3713 671 3797 praeclarus
704 3712 778 3777 finis
807 3716 997 3797 imponatur.
1029 3711 1120 3789 Quod
1151 3733 1251 3796 quum
1283 3713 1328 3776 ita
1358 3713 1407 3794 sit,
1430 3731 1496 3775 non

377 3840 453 3903 satis
476 3843 524 3904 est
547 3839 650 3904 dicere
673 3839 846 3904 tandem.
870 3838 965 3903 Notio
988 3838 1230 3922 longinquitatis
1253 3838 1405 3921 temporis
1428 3855 1495 3899 non

376 3967 559 4050 requiritur,
596 3969 713 4051 quippe
748 3985 830 4051 quae
860 3968 895 4029 in
925 3965 1031 4030 verbis
1054 3966 1130 4029 lon
1143 3967 1214 4049 gis
1235 3963 1493 4029 ruinis-saris

378 4111 538 4176 superque
570 4111 720 4177 expressa
751 4094 798 4157 sit.
821 4091 941 4177 Legere
963 4093 1072 4156 malim
1095 4097 1294 4175 tantum,
1317 4096 1355 4155 ut
1379 4111 1492 4157 sensus

242 4253 248 4262 ·
378 4216 434 4282 sit:
458 4215 507 4282 Ne
530 4218 669 4281 contenti
693 4218 794 4282 simus
814 4217 911 4282 finem
930 4236 1039 4302 parere
1057 4216 1200 4282 cladibus
1220 4214 1491 4301 perpetuis‚Hau-

377 4321 515 4407 nibalem
538 4342 577 4406 ab
595 4341 686 4407 Italia
705 4343 892 4408 avertendo:
914 4342 1067 4427 Carthago
1088 4342 1220 4407 delenda
1232 4340 1327 4408 nobis
1340 4345 1493 4426 superest,
