3364 5118
875 509 894 570 8
969 547 971 554 ,

510 717 610 780 Poeni
635 735 709 806 suos
734 716 818 779 soliti
839 715 897 780 Dis
921 715 1097 780 sacrificare
1120 716 1251 799 puellos,

369 888 551 953 Secundum
584 889 760 953 Wezelium
789 891 887 973 igitur
917 890 957 952 ad
982 889 1079 953 Ennii
1102 892 1316 955 narrationem
1341 891 1438 956 Silius

325 1015 525 1078 adumbravit
546 1035 646 1096 suam,
668 1015 765 1098 idque
788 1034 825 1078 eo
848 1014 1030 1078 credibilius
1052 1016 1221 1098 existimat,
1246 1016 1331 1098 quod
1354 1017 1438 1101 apud

326 1140 449 1203 nullum
475 1141 582 1222 alium,
606 1159 702 1223 quern
725 1140 823 1204 Silius
846 1145 975 1204 secutus
1000 1142 1049 1223 sit,
1072 1145 1205 1224 politam,
1225 1141 1322 1205 huius
1343 1144 1439 1207 moris

325 1267 443 1329 mentio
465 1265 527 1329 fiat.
553 1263 655 1340 Quam
679 1267 861 1348 opinionem
883 1265 995 1329 refellit
1018 1264 1062 1328 Io.
1083 1265 1371 1348 Sohlichteisenius,
1384 1267 1440 1350 qui

325 1388 599 1471 Dissertationis1)
622 1411 650 1473 p.
678 1391 728 1452 34.
750 1391 791 1452 35
811 1391 886 1453 citat
905 1388 1082 1454 Diodorum
1102 1390 1243 1455 Siculum
1257 1391 1332 1454 XX.
1348 1394 1397 1455 14.
1410 1394 1439 1475 4,

329 1514 490 1578 Iustinum
514 1516 617 1595 (ouius
637 1516 854 1596 auctoritatem
875 1514 990 1578 Silium
1009 1517 1135 1598 saepius
1155 1516 1355 1581 consuluisse
1367 1536 1440 1580 con·

327 1642 398 1723 stat)
417 1639 539 1702 XVIII.
561 1641 589 1702 6.
612 1642 651 1702 12
672 1641 863 1723 (loquentem
885 1641 923 1704 de
943 1639 1280 1724 Carthaginiensibusl:
1305 1642 1440 1725 ,quippe

215 1801 219 1805 -
325 1766 470 1830 homines
501 1771 538 1828 ut
567 1766 711 1828 victimas
740 1765 962 1846 immolabant;
987 1770 1018 1829 et
1040 1766 1229 1849 impuberes,
1254 1785 1334 1849 quae
1356 1770 1441 1829 aetas

326 1893 420 1955 etiam
462 1891 601 1954 hostium
646 1891 894 1954 misericordiam
927 1896 1084 1974 provocat,
1119 1892 1181 1954 aris
1214 1890 1440 1970 admovebant,

326 2033 464 2098 pacem
495 2014 626 2078 deorum
650 2017 805 2099 sanguine
828 2035 938 2080 eorum
963 2020 1261 2098 exposcentes,
1284 2035 1339 2099 pro
1364 2036 1447 2110 qu07

326 2161 399 2204 rum
423 2143 488 2204 vita
512 2141 555 2204 dii
575 2143 678 2225 rogari
690 2142 829 2205 manime
842 2140 973 2205 solent.''
986 2137 1088 2216 Quom
1100 2141 1206 2205 locum
1220 2143 1442 2207 ascribendum

326 2269 446 2351 putavi,
470 2267 555 2350 quod
579 2267 705 2350 singula
728 2267 823 2330 verba
846 2268 963 2329 mirum
986 2268 1020 2329 in
1043 2267 1175 2330 modum
1194 2287 1267 2331 cum
1280 2267 1356 2331 Silio
1368 2286 1442 2331 con-

326 2413 440 2476 gruere
464 2394 541 2456 mihi
568 2394 725 2458 videntur.
748 2392 847 2456 Porro
871 2391 1015 2455 Curtium
1039 2391 1094 2454 IV.
1120 2393 1149 2454 3.
1173 2394 1214 2455 23
1237 2392 1379 2456 Plinium
1401 2391 1442 2455 N.
1461 2381 1463 2384 ⁵

326 2516 367 2580 Η.
389 2517 546 2580 XXXVI.
570 2520 597 2580 5.
619 2520 669 2581 39.
688 2516 779 2593 Quod
803 2524 909 2582 autem
933 2519 984 2582 hic
1008 2517 1125 2582 oblitus
1150 2523 1198 2582 est
1216 2517 1443 2582 laudareOioe·

326 2663 446 2724 renem,
470 2662 564 2726 quom
588 2645 668 2707 tanti
691 2643 826 2708 habebat
848 2644 945 2708 Silius
964 2646 1121 2728 totiesque
1141 2649 1269 2708 secutus
1282 2642 1440 2724 est,valde

326 2770 431 2850 miror,
454 2768 537 2852 apud
563 2788 667 2852 quem,
690 2768 738 2838 Do
761 2789 795 2833 re
818 2769 945 2853 publica
966 2769 1023 2832 HI.
1047 2771 1096 2832 15.
1118 2771 1168 2845 21,
1188 2771 1265 2834 haec
1275 2770 1441 2854 leguntur:

330 2943 344 2976 „
358 2914 454 2977 quam
478 2894 571 2957 multi
592 2899 630 2957 ut
651 2893 746 2957 Tauri
768 2895 802 2957 in
826 2895 943 2976 Axino,
966 2901 1004 2958 ut
1025 2914 1083 2958 rex
1102 2896 1240 2979 Aegypti
1260 2895 1394 2978 Busirin,
1406 2900 1444 2959 ut

223 3089 227 3099 ,
328 3020 418 3102 Galli,
442 3025 479 3083 ut
505 3019 614 3101 Poeni,
637 3021 780 3084 homines
802 3021 966 3084 immolare
990 3025 1020 3084 et
1043 3023 1132 3104 pium
1157 3026 1187 3085 et
1210 3022 1258 3085 dis
1280 3023 1441 3084 immorta-

326 3146 411 3210 libus
434 3147 651 3229 gratissimum
674 3164 744 3209 esse
766 3144 958 3209 duxerunt.'’

375 3271 477 3346 Quem
501 3290 683 3334 connexum
707 3269 868 3334 Wezelius
891 3271 997 3334 videat
1015 3272 1098 3334 inter
1117 3290 1246 3335 vorsum
1258 3271 1444 3335 Ennianum

329 3398 424 3477 (inter
455 3399 592 3460 incertae
624 3397 707 3460 sedis
730 3396 906 3479 fragmenta
931 3416 958 3458 r.
983 3396 1075 3476 lert:

440 3593 555 3677 Deque,
575 3595 711 3658 totondit
732 3613 825 3678 agros
850 3600 946 3678 atque
969 3595 1082 3679 oppida
1105 3595 1194 3678 cepit.
1306 3555 1308 3560 V

329 3790 359 3850 et
381 3804 494 3848 versus
518 3784 586 3848 Silii
610 3783 685 3846 XII.
711 3783 775 3847 420
789 3802 875 3866 sqq.:

333 4003 477 4011 ——-

360 4154 386 4218 l)
405 4156 441 4205 De
468 4153 517 4205 fide
542 4155 661 4207 historica
686 4153 742 4208 Silii
767 4152 848 4208 Italici
873 4153 1035 4220 quaestiones
1060 4152 1194 4205 historicae
1220 4157 1246 4202 et
1273 4153 1445 4219 philologicos.

327 4247 483 4318 Regimontii
501 4245 574 4301 1881.
