3364 5118
872 498 914 559 24

337 708 481 770 omnium
505 708 610 789 ipsum
632 705 727 771 rebus
747 707 864 770 divinis
884 726 1010 789 operam
1031 706 1163 788 dedisse,
1176 705 1333 788 atquehis
1345 723 1451 788 perac-

336 834 377 896 tis
412 817 550 895 demum'
577 833 615 896 de
648 832 730 896 bello
762 832 930 913 rettulisse,
961 837 992 895 et
1023 831 1133 912 Polyb.
1165 830 1222 892 ΙΠ.
1255 832 1306 893 88.
1337 822 1450 908 liud

335 959 418 1036 capp
450 956 501 1020 cal
531 955 642 1034 Φάβιος
674 955 753 1033 μετὰ
782 955 834 1028 τὴν
861 953 1045 1019 κατάστασιν
1069 954 1158 1027 θύσας
1189 961 1250 1026 τοῖς
1273 956 1344 1028 θεοῖς
1366 951 1449 1035 ἐξώρ-

335 1107 421 1160 μησε.
447 1108 473 1147 κ.
488 1107 515 1146 τ.
529 1098 558 1147 λ.
572 1084 604 1165 1).

380 1207 451 1291 Hic,
474 1215 510 1273 ut
533 1211 670 1292 saepius,
694 1209 850 1291 discrepat
872 1206 970 1271 Silius
994 1228 1012 1270 a
1034 1207 1125 1270 Livio
1148 1208 1235 1270 haud
1247 1209 1293 1270 ita
1304 1207 1468 1305 multum,

337 1336 423 1418 quod
455 1334 588 1398 fortasse
622 1353 696 1396 cum
726 1332 851 1397 Bauero
864 1330 889 1412 ²)
922 1334 967 1396 sic
1000 1333 1224 1415 explicandum
1247 1336 1304 1414 est,
1326 1336 1449 1415 poetam

336 1461 495 1524 interdurn
531 1459 568 1522 de
597 1458 754 1521 industria
775 1459 809 1519 in
833 1456 929 1520 rebus
952 1456 1118 1520 narrandis
1142 1475 1160 1518 a
1183 1454 1273 1518 Livio
1296 1454 1452 1536 recedere,

336 1605 377 1648 ne
410 1603 512 1648 meras
547 1581 769 1646 versificatoris
805 1569 909 1663 partes
940 1586 1020 1664 agat.
1052 1579 1188 1663 Quoquo
1220 1579 1313 1642 modo
1343 1598 1395 1642 res
1418 1598 1452 1644 se

335 1710 438 1788 habet,
474 1712 529 1792 qui
558 1710 592 1770 in
623 1708 754 1771 tantulis
785 1707 1004 1790 discrepantiis
1039 1707 1279 1789 antiquissimae
1301 1707 1450 1770 historiae

335 1838 470 1920 vestigia
512 1815 682 1917 agnoscere
721 1831 782 1896 sibi
819 1833 954 1916 videtur,
986 1852 1130 1896 summae
1160 1833 1311 1897 audaciae
1344 1835 1451 1898 incus-

340 1964 443 2027 andus
468 1959 559 2042 estss).

379 2090 451 2184 Vsa,
476 2090 626 2152 ert-130
649 2093 797 2150 narratur
814 2084 948 2149 Fabium
967 2086 1053 2149 haud
1063 2085 1175 2169 procul
1186 2086 1328 2149 hostium
1340 2086 1451 2148 castris

339 2222 441 2280 castra
471 2216 624 2298 posuisse,
656 2211 934 2294 Hannibalemque
967 2210 1073 2275 verbis
1108 2212 1206 2274 animi
1236 2211 1357 2274 ardoris
1388 2211 1453 2294 ple-

336 2343 386 2405 nis
419 2340 554 2403 militum
587 2339 710 2401 animos
742 2337 781 2399 ad
804 2356 944 2419 pugnam
968 2336 1149 2399 accendisse
1172 2337 1244 2414 (vss.
1271 2337 1453 2419 95-122);

336 2466 468 2530 Fabium
503 2485 576 2529 vero
599 2465 708 2526 invitis
733 2462 887 2526 militibus
912 2464 979 2527 suis
999 2465 1035 2525 in
1057 2464 1168 2526 castris
1191 2481 1225 2527 se
1248 2465 1452 2546 continuisse,

336 2611 441 2675 neque
465 2591 587 2673 copiam
612 2591 663 2652 sui
685 2588 859 2651 Hannibali
880 2588 993 2666 fecisse
1013 2589 1086 2668 (vss.
1109 2589 1303 2666 122-130).
1324 2588 1454 2653 Poetam

335 2722 369 2782 in
404 2719 454 2780 his
487 2734 615 2798 quoque
644 2714 769 2778 Livium
801 2720 873 2778 ante
903 2715 1011 2778 oeulos
1042 2713 1192 2778 habuisse
1214 2717 1324 2798 paucis
1347 2715 1453 2780 verbis

339 2845 547 2908 demonstrari
570 2847 680 2925 potest.

338 3046 483 3057 -ι-ι--ι

373 3164 398 3227 l)
418 3163 581 3226 Plutarchus
607 3163 653 3227 qui
672 3163 765 3212 Cobeto
782 3163 864 3212 iudice
884 3163 990 3228 (Mnem.
1009 3165 1057 3213 vol.
1075 3164 1117 3213 Vl.
1135 3179 1159 3227 p.
1177 3162 1456 3226 tensamentum

336 3258 363 3306 in
382 3255 452 3304 Fabii
470 3255 522 3303 vita
540 3255 648 3304 habebat
665 3259 797 3305 auctorem
813 3260 839 3304 et
857 3259 957 3319 testem,
974 3271 1030 3306 rem
1047 3257 1136 3306 eodem
1153 3257 1227 3305 modo
1246 3258 1323 3306 tradit
1340 3258 1404 3322 (cap.
1420 3257 1456 3323 5),

371 3348 397 3408 9)
417 3349 445 3396 P.
463 3346 503 3396 22.
521 3344 561 3396 39.

368 3439 395 3503 3)
415 3439 587 3503 Sequentibus
604 3440 719 3489 versibus
736 3441 891 3503 Interpretes
910 3455 994 3490 errare
1011 3440 1077 3488 mihi
1094 3440 1222 3502 videntur,
1241 3441 1332 3490 verba:

369 3532 412 3580 Vs
431 3529 471 3579 94.
487 3559 520 3565 -
538 3560 571 3567 -
589 3530 781 3596 Summumque
799 3532 883 3594 decus
901 3547 953 3596 quo
971 3532 1038 3581 tollis
1055 3532 1086 3581 ad
1102 3535 1171 3580 astra

584 3623 695 3686 Imperii,
713 3623 836 3688 Romane,
855 3628 939 3687 caput,
957 3638 1044 3686 parere
1060 3623 1172 3686 docebat,
1236 3625 1272 3674 sic
1288 3618 1455 3689 explicante&

336 3713 476 3763 Summum
493 3713 569 3763 decus
586 3742 619 3748 —
637 3719 720 3778 caput,
738 3716 872 3778 dictatura,
892 3717 941 3765 hoc
955 3719 994 3764 est
1009 3715 1130 3777 dictator;
1147 3715 1186 3765 vel
1198 3716 1345 3786 potiusipse
1356 3717 1457 3768 Fabius.

335 3806 418 3854 Immo
441 3820 500 3854 vero
524 3821 641 3868 parere
658 3809 822 3870 appositionis
844 3810 898 3857 loco
915 3821 975 3857 curn
993 3820 1155 3855 summum
1174 3807 1272 3856 decus
1290 3809 1458 3859 coniunctum

336 3902 382 3959 est,
405 3902 435 3946 ut
459 3898 506 3946 hoc
529 3899 612 3948 dicere
636 3903 709 3962 poete
727 3899 801 3949 velit:
821 3899 914 3948 Fabius
932 3897 1044 3959 docebat,
1062 3896 1109 3946 ie.
1129 3897 1310 3948 assuefaciebat
1329 3900 1458 3951 Romanos

335 4003 431 4051 parere,
449 3988 496 4037 ie.
514 3989 662 4052 disciplinae
679 3991 806 4053 militaris,
823 4004 889 4054 quae
907 4003 1007 4051 semper
1023 3988 1176 4038 exercitibus
1194 3988 1318 4039 Romanis
1332 4005 1458 4040 summo

335 4079 444 4128 decori
466 4080 616 4144 honorique,
641 4096 768 4145 causaque
788 4080 891 4144 imperii
915 4079 1025 4128 Romani
1045 4077 1135 4128 suerat.
1158 4079 1204 4128 His
1231 4081 1314 4131 verbis
1332 4084 1457 4145 expressit

336 4172 409 4232 podta
426 4169 501 4218 verba
520 4169 624 4219 Liviana
643 4172 724 4220 Xllll.
745 4170 782 4221 li.
801 4169 824 4234 8,
844 4186 874 4221 ex
893 4170 995 4233 quibua,
1015 4169 1077 4232 quid
1095 4169 1249 4234 significent,
1267 4172 1363 4234 optime
1380 4173 1457 4223 intel-

336 4261 442 4326 ligatur:
464 4260 580 4326 „Castris
597 4262 646 4311 nisi
664 4267 792 4327 quantum
811 4276 873 4312 usus
893 4260 1028 4312 necessarii
1045 4265 1170 4328 cogerent,
1190 4262 1326 4312 tenebatur
1343 4263 1441 4315 miles.''
