3360 5116
765 579 805 640 75

267 787 298 850 N
299 807 353 850 um
374 787 521 852 credibile
539 793 594 870 est,
606 788 730 865 Silium,
743 808 838 871 quem
852 787 1081 869 Heynaoherus
1093 789 1254 852 contendit
1265 788 1337 851 Pio-

225 916 326 976 torem
344 931 401 996 pro
421 913 562 997 principe
580 912 667 977 fonte
686 912 843 992 habuisse,
855 912 915 994 hic,
928 910 985 976 ubi
996 913 1118 976 occasio
1131 917 1195 975 tam
1208 912 1340 995 pulchra

223 1036 349 1101 laudem
388 1037 457 1101 eius
487 1038 689 1120 praedicandi
723 1037 895 1114 offerretur,
926 1037 1122 1100 occasionem
1150 1036 1339 1120 neglexisse,

106 1179 130 1230 a
224 1167 320 1246 atque
343 1167 502 1226 auctorem
523 1163 615 1227 illum
636 1183 732 1227 suum
750 1167 781 1228 et
799 1164 980 1248 exemplum
994 1163 1119 1226 silentio
1132 1165 1340 1246 praeteriisse,

225 1308 325 1371 quum
349 1288 436 1371 alios,
459 1289 503 1366 (in
526 1308 664 1372 quorum
687 1308 820 1354 numero
841 1288 1018 1372 Vergilium
1037 1288 1153 1353 referre
1164 1289 1273 1371 nolim,
1285 1290 1338 1353 cui

223 1416 318 1497 longe
346 1414 484 1498 plurima
506 1433 580 1478 eum
604 1413 716 1479 debere
739 1434 832 1479 nemo
855 1416 966 1496 nescit)
991 1419 1028 1478 ut
1051 1413 1194 1479 Ennium
1217 1413 1341 1479 Cicero-

224 1558 371 1622 nemque,
403 1559 484 1622 quos
518 1540 604 1605 haud
634 1541 678 1604 ita
709 1559 801 1625 saepo
832 1545 961 1604 secutus
984 1545 1039 1624 est,
1062 1542 1341 1625 praestantissimis

227 1664 376 1729 laudibus
400 1666 576 1730 extulerit?
600 1665 720 1742 Quodsi
741 1667 830 1730 nulla
852 1666 913 1730 alia
934 1671 1122 1750 argumenta
1140 1667 1174 1729 in
1194 1671 1341 1751 promptu

226 1795 341 1872 essent,
372 1790 490 1875 quibus
519 1791 721 1872 Heynachori
752 1793 858 1875 opinio
889 1791 1057 1872 refellatur,
1082 1790 1132 1855 vel
1158 1811 1258 1856 unum
1282 1792 1342 1856 boo

227 1913 372 1978 sufficere
402 1915 559 1979 crederem
592 1915 631 1978 ad
653 1914 864 1998 probandum,
886 1917 970 1979 inter
991 1914 1106 1979 Silium
1131 1919 1162 1980 et
1183 1914 1341 1980 Pictorem

227 2059 268 2104 ne
291 2041 454 2104 minimam
480 2040 607 2124 quidem
632 2042 898 2106 necessitudinem
921 2041 1121 2105 intercedere.

271 2165 324 2230 Sil.
346 2166 436 2229 VIII.
462 2167 542 2229 622:

361 2290 406 2354 Ut
429 2296 562 2356 ventum
585 2292 625 2356 ad
648 2291 782 2374 Cannas,
804 2291 893 2356 urbis
917 2292 1051 2376 vestigia
1072 2292 1203 2376 priscae,

364 2416 515 2502 Defigrmt
538 2418 605 2482 diro
630 2420 721 2502 signa
743 2417 881 2482 infelicia
904 2418 995 2481 vallo.

271 2542 338 2607 Liv.
373 2543 482 2606 XXII.
514 2545 564 2606 43.
598 2544 648 2607 10.
681 2592 696 2624 ,,
709 2542 833 2606 Cannas
863 2547 996 2627 urgente
1019 2543 1082 2606 fato
1104 2541 1235 2626 profecti
1258 2545 1343 2605 suut.

229 2669 332 2753 Prope
356 2689 430 2734 eum
453 2671 561 2734 vicum
582 2668 744 2732 Hannibal
766 2673 868 2732 castra
889 2667 1067 2750 posuerat.''

270 2794 381 2876 Polyb.
412 2794 469 2858 ΠΙ.
499 2795 570 2858 107.
595 2796 623 2857 2.
655 2792 888 2871 καταλαμβάνει
910 2792 963 2866 τὴν
985 2799 1038 2867 τῆς
1063 2788 1176 2865 Kaliour
1199 2814 1343 2872 προσαγο-

226 2918 379 3000 ρευομένης
411 2918 521 2992 πόλεως
550 2917 648 3000 ἄκραν.
681 2922 710 2984 4.
732 2919 784 2993 τὴν
807 2920 863 2998 μὲν
886 2912 931 2984 οὖν
955 2917 1037 2982 πόλιν
1061 2914 1102 2982 ἔτι
1126 2914 1254 2997 πρότερον
1276 2940 1343 2980 συν-

227 3044 327 3124 έβαινε
355 3043 570 3125 κατεσκαφθαι.
595 3046 680 3110 Hinc
703 3046 824 3130 colligit
845 3046 1006 3110 Wezelius
1019 3045 1042 3127 1)
1066 3044 1179 3108 Silium
1202 3044 1254 3107 hic
1278 3063 1344 3106 non

227 3171 355 3235 Livium
387 3172 443 3236 sed
472 3171 642 3253 Polybium
670 3176 816 3236 secutum
840 3190 917 3236 osse.
940 3169 1179 3251 Heynaoherus
1202 3170 1254 3232 cui
1278 3172 1345 3232 stu-

229 3299 316 3362 denti
347 3296 481 3382 probare
513 3296 649 3360 Pabium
682 3297 839 3361 Pictorem
874 3296 992 3360 fontem
1028 3295 1097 3360 Sibi
1131 3314 1209 3378 esso,
1240 3296 1344 3359 omnis

229 3443 404 3488 consensus
433 3427 516 3488 inter
544 3424 657 3488 Silium
688 3429 718 3489 ot
748 3415 930 3505 Polybium,
955 3424 1011 3506 qui
1034 3422 1223 3505 plerumque
1246 3421 1345 3486 Sileni

229 3554 414 3616 auctoritate
446 3553 568 3634 nititur,
602 3551 823 3615 incommodus
857 3554 912 3627 ost,
944 3549 1186 3632 diligentissime
1217 3567 1345 3631 operam

229 3678 290 3760 dat,
314 3685 350 3741 ut
371 3679 431 3742 hoc
450 3683 673 3761 argumentum
693 3680 818 3741 evertat.
839 3675 1019 3739 Audiamus
1038 3675 1143 3757 ipsum
1158 3673 1200 3756 a),
1218 3672 1345 3753 „Wozel

230 3804 383 3884 schliesst,
411 3802 509 3866 Silius
538 3801 622 3887 folgo
650 3803 719 3866 hier
741 3802 830 3865 nicht
853 3801 925 3866 dom
947 3799 1058 3864 Livius
1082 3797 1190 3862 XXII.
1214 3800 1266 3881 43,
1291 3798 1347 3862 der
1387 3813 1391 3820 ·

230 3928 356 3993 Cannae
388 3930 494 3992 vicum
523 3933 632 4011 neunt,
662 3929 799 3993 sondorn
829 3928 902 3991 dem
928 3925 1080 4008 Polybios
1104 3925 1161 3988 III.
1188 3925 1267 3989 107:
1293 3923 1346 3995 τὴν

230 4049 284 4130 μὲν
317 4045 364 4116 οὖν
393 4066 476 4116 πολιν
505 4048 560 4116 ἔτει
591 4050 721 4132 πρότερον
752 4050 792 4114 ἑνὶ
824 4050 976 4128 συνέβαινε
1006 4047 1222 4130 masculeta.
1248 4048 1346 4114 Silius

263 4247 289 4312 1)
308 4264 332 4312 p.
350 4246 390 4297 74.

264 4339 290 4404 2)
310 4340 397 4404 Progr.
413 4355 434 4390 c.
451 4338 468 4389 6
484 4340 497 4404 5
514 4339 539 4390 a.
