3364 5118
751 557 791 618 47

216 787 312 831 causa
344 766 461 830 Fabius
493 764 628 830 Romam
660 764 877 849 proficiscitur.
908 765 1091 849 Antequam
1120 765 1194 848 abit,
1225 772 1332 832 monet

217 891 405 974 Minucium,
436 892 623 975 magistrum
653 889 816 973 Equitum,
847 893 882 954 ut
910 891 944 953 in
974 889 1070 954 rebus
1093 892 1239 973 gerendis
1263 893 1331 957 suis

216 1017 322 1100 potius
353 1035 450 1099 quam
480 1015 682 1080 decessorum
710 1015 853 1098 vestigiis
875 1015 1008 1078 insistat.
1030 1015 1127 1099 Apud
1149 1020 1357 1101 utrumque·

218 1145 249 1205 et
281 1139 397 1205 Silium
427 1145 458 1204 et
486 1139 624 1222 Livium,
653 1139 790 1223 legimus
821 1139 903 1202 hanc
933 1139 1115 1222 orationem,
1139 1141 1224 1224 apud
1244 1141 1332 1205 hunc

217 1269 323 1329 tomen
357 1263 555 1329 brevioribus
590 1262 704 1329 verbis.
743 1263 876 1348 Saepius
910 1268 1016 1328 autem
1045 1264 1158 1329 Silium
1182 1266 1328 1330 videmus

217 1390 392 1473 longiorem
426 1389 511 1473 apud
542 1388 669 1453 Livium
706 1389 879 1453 orationem
913 1391 1117 1472 contraxisse,
1151 1389 1328 1454 breviorem

199 1519 326 1578 contra
344 1514 474 1577 auxisse
492 1518 587 1596 atque
606 1513 817 1577 exornavisse.
836 1511 944 1576 Nihilo
965 1514 1069 1578 secius
1082 1518 1219 1597 utraque
1231 1516 1331 1578 oratio

218 1657 255 1704 ea
276 1643 332 1721 est,
354 1642 392 1701 ut
414 1637 561 1702 facillime
580 1638 709 1701 alteram
729 1638 770 1701 ad
788 1637 917 1702 alterius
930 1639 1113 1722 exemplum
1126 1641 1331 1724 compositam
1448 1721 1449 1726 ἵ

220 1782 289 1828 esse
310 1763 545 1847 perspiciamus.

263 1889 315 1954 Sil.
338 1889 412 1953 VH.
438 1891 519 1954 381:

350 2007 429 2080 Nisi'
444 2035 533 2079 sacra
554 2019 703 2080 vocarent
725 2015 765 2079 ad
788 2017 905 2100 patrios
926 2016 1107 2080 venerenda
1129 2014 1221 2082 Deos.

262 2140 329 2205 Ilv.
352 2139 460 2205 XXII.
486 2141 535 2205 13.
560 2142 596 2204 8:

354 2265 457 2347 „moe
480 2284 641 2330 sacrorum
664 2244 760 2329 causa
782 2264 916 2330 Romam
938 2265 1134 2330 revocatus’'.
1159 2271 1215 2348 etc.

264 2389 317 2455 Sil.
340 2390 412 2455 VII.
438 2392 519 2454 395:

350 2516 474 2582 Interea
497 2517 600 2595 (crede
622 2521 761 2600 experto,
785 2534 850 2579 non
870 2515 1021 2598 fallimus)
1046 2517 1150 2601 aegris

351 2641 405 2705 Nil
428 2643 567 2706 movisse
589 2641 676 2706 salus
698 2641 801 2706 rebus.
832 2678 874 2686 -
899 2679 940 2688 -

262 2765 330 2829 Liv.
353 2764 462 2829 XXII.
488 2766 537 2829 18.
562 2767 580 2829 9
607 2765 772 2849 „Medicos
796 2784 926 2849 quoque
948 2765 1020 2850 plus
1043 2766 1204 2830 interdum
1231 2767 1337 2850 quiete

221 2912 316 2976 quam
338 2891 495 2955 movendo
519 2900 615 2975 atque
638 2891 759 2975 agendo
781 2890 967 2974 proficere”.

265 3017 319 3082 Sil.
339 3017 413 3092 VH.
442 3016 523 3080 396:

707 3179 749 3187 —
773 3179 814 3188 -
838 3141 885 3206 Sit
906 3141 1006 3226 gloria
1028 3141 1138 3205 multis

353 3267 394 3332 ldt
416 3268 545 3352 placeat,
569 3269 685 3353 qnippe
706 3269 880 3352 egregium,
901 3272 1099 3351 prosternere
1120 3266 1204 3331 ferro

353 3394 502 3475 Hostem3
526 3394 582 3459 sed
604 3393 700 3458 Iabio
723 3395 765 3458 sit
786 3413 843 3458 ros
866 3413 1009 3458 servasse
1031 3395 1222 3478 triumphus.

264 3519 304 3583 In
337 3520 469 3584 eandem
502 3519 567 3584 fere
600 3520 788 3584 sententiam
815 3518 941 3584 locutus
973 3523 1039 3583 erat
1068 3518 1194 3601 Fabius,
1232 3537 1337 3602 quum

221 3643 359 3707 militum
392 3644 578 3708 seditionem
612 3644 735 3708 sedaret
764 3645 836 3726 (vss.
867 3644 1066 3726 223-225),
1099 3663 1236 3727 quocum
1268 3642 1338 3706 loco

222 3769 343 3832 contuli
355 3768 378 3852 1)
402 3768 498 3833 verba
518 3769 608 3833 Fabii
629 3769 668 3833 ad
691 3774 835 3834 senatum
860 3767 939 3854 (Idu.
963 3767 1071 3832 XXII.
1094 3770 1162 3850 25):
1179 3769 1238 3850 „in
1258 3773 1340 3832 tem-

222 3913 297 3978 pore
319 3899 350 3958 et
373 3895 442 3959 sine
464 3895 638 3978 ignominia
660 3914 804 3960 servasse
824 3896 998 3960 exercitum
1020 3915 1116 3978 quam
1138 3893 1342 3958 multamilia

221 4020 361 4084 hostium
385 4021 538 4084 occidisse
559 4022 709 4084 maiorem
730 4020 866 4105 gloriam
889 4019 991 4085 esse.’'

255 4307 279 4371 l)
301 4306 364 4356 Vide
381 4321 405 4370 p.
422 4302 470 4355 34.
