3364 5118
753 612 794 673 53

221 817 353 881 Livium
386 817 613 901 sequuntur1).
650 817 747 882 Silius
782 838 917 903 quoque,
953 825 989 884 ut
1024 840 1065 884 ex
1100 820 1205 884 verbis
1244 841 1339 904 „per-

221 945 302 1006 tItus
326 943 427 1006 socias
446 942 550 1006 rires'’
574 948 710 1026 apparet,
733 964 808 1008 cum
829 942 920 1007 Livio
943 944 1025 1008 facit.
1050 944 1182 1009 Minime
1205 951 1340 1028 praeter-

222 1068 329 1133 eunda
351 1069 430 1132 mihi
447 1069 575 1133 videtur
593 1087 654 1146 res,
675 1071 778 1154 specie
797 1088 948 1154 parvare
966 1089 1041 1135 vera
1053 1075 1158 1134 tamen
1172 1071 1259 1135 haud
1272 1073 1341 1136 sine

221 1196 372 1279 pondere,
395 1194 451 1259 ubi
476 1197 639 1279 quaeritur
663 1200 771 1260 utrum
795 1195 892 1260 Silius
919 1197 1054 1280 pendeat
1076 1195 1207 1266 aLivio
1235 1216 1343 1262 necne.

268 1320 324 1386 Vs.
351 1323 422 1385 522.
446 1321 599 1406 legimus:
681 1397 684 1404 Ι

315 1446 388 1510 Non
411 1447 555 1511 Romana
578 1448 686 1512 minus
710 1453 823 1530 serrat,
848 1467 944 1531 quarn
967 1446 1091 1510 Punica
1115 1451 1224 1511 castra.

223 1573 344 1638 othir.
372 1573 480 1637 XXII.
508 1575 556 1636 15.
583 1574 609 1636 1.
633 1573 777 1655 „Fabius
799 1577 834 1636 in
857 1593 933 1638 suos
955 1574 1042 1637 haud
1064 1574 1171 1637 minus
1192 1592 1288 1656 quam
1306 1575 1340 1636 in

226 1699 333 1763 hostes
355 1699 528 1762 intentus.'’
553 1697 642 1774 Quae
665 1719 860 1783 quamquam
880 1705 911 1763 et
934 1699 1021 1763 aliud
1043 1703 1168 1782 tempus
1191 1703 1222 1762 et
1245 1698 1340 1761 aliam
1411 1767 1412 1770 Ἴ
1465 1709 1467 1714 ’

222 1845 293 1889 rem
313 1830 464 1909 spectant,
480 1825 688 1889 nihilominus
709 1826 898 1889 documento
918 1824 1010 1888 nobis
1022 1826 1162 1906 sortita
1174 1824 1341 1907 diligenter

223 1949 353 2014 Livium
386 1971 405 2014 a
438 1949 519 2028 Silio
546 1950 664 2014 lectum
696 1935 731 2014 et
756 1949 909 2014 relectum
931 1968 1009 2031 esse,
1033 1959 1070 2013 ut
1093 1948 1219 2032 singula
1243 1947 1340 2013 verba

226 2066 399 2140 identidem
423 2077 453 2140 ei
474 2077 510 2139 in
533 2080 670 2140 mentem
694 2076 848 2139 venirent.

272 2203 377 2288 Copiis
397 2203 507 2267 divisis
519 2204 613 2286 genio
626 2222 684 2266 suo
696 2202 867 2285 indulgens
879 2200 1041 2263 Minucius
1054 2219 1151 2263 suum
1162 2201 1339 2264 exercitum

222 2329 329 2395 educit
348 2332 457 2392 contra
475 2328 590 2392 hostes.
611 2327 742 2392 Silentio
762 2331 853 2410 poeta
872 2327 1091 2409 praetermittit
1102 2325 1198 2388 huius
1211 2344 1337 2408 pugnae

223 2453 350 2538 singula
380 2458 549 2536 momenta,
581 2453 688 2537 qualia
714 2473 732 2516 a
754 2451 844 2516 Livio
868 2451 977 2515 XXII.
1002 2453 1043 2514 28
1068 2457 1099 2515 et
1121 2451 1254 2532 Polybio
1278 2450 1336 2514 ΙΠ.

224 2581 295 2643 104.
321 2580 384 2642 105
417 2577 649 2660 describuntur,
674 2580 742 2643 sine
766 2577 862 2642 dubio
885 2579 974 2642 velut
997 2577 1119 2641 viribus
1142 2569 1274 2664 parcens
1298 2578 1338 2640 ad

221 2704 417 2770 narrandum
459 2703 637 2786 magnificis
669 2702 775 2768 verbis
810 2701 980 2767 Dictatoris
1014 2705 1239 2785 interventum,
1274 2723 1337 2786 quo

221 2828 356 2892 Minucii
386 2829 546 2892 exercitus
569 2829 712 2912 undique
734 2828 773 2892 ab
796 2827 942 2892 hostibus
965 2829 1210 2909 circumventus,
1233 2828 1337 2890 immi-

223 2955 311 3017 nenti
334 2954 474 3037 pernicie
496 2953 697 3017 liberabatur.

267 3078 355 3154 uuae
387 3080 531 3162 sequitur
555 3098 682 3163 pugnae
706 3080 872 3162 descriptio
896 3079 942 3142 nil
963 3079 1029 3143 fere
1052 3097 1222 3143 commune
1243 3078 1338 3143 habet

222 3224 295 3268 cum
330 3205 469 3298 historia,
494 3205 577 3268 sicut
599 3225 618 3266 a
640 3203 730 3268 Livio
754 3207 929 3288 ceterisque
953 3203 1136 3268 auctoribus
1160 3205 1252 3269 nobis
1275 3209 1337 3269 tra-

222 3330 315 3394 ditur.
338 3330 415 3393 Vim
435 3331 505 3395 eius
523 3331 557 3394 in
579 3331 682 3394 maius
702 3332 795 3395 auxit
813 3336 913 3414 polita,
934 3334 990 3414 qui
1009 3333 1190 3396 vincentem
1201 3331 1335 3396 Fabium

219 3455 335 3538 fecerit,
353 3456 511 3520 historicis
537 3461 646 3519 contra
669 3456 866 3520 tradentibus
890 3476 964 3521 eum
985 3456 1197 3520 Hannibalem
1221 3477 1336 3542 reppu-

218 3581 294 3645 lisse
317 3585 442 3644 tantum
460 3600 497 3644 ac
519 3582 628 3646 cedere
652 3583 800 3664 coegiSse.
824 3582 935 3645 Aciem
959 3601 1029 3646 eam
1053 3582 1148 3648 finxit
1170 3583 1209 3646 ad
1229 3603 1335 3648 exem-

225 3736 371 3745 ...ρ--

253 3814 281 3880 1)
299 3815 516 3877 Plutarchus,
532 3814 591 3864 Fah.
606 3815 672 3864 Max,
690 3813 728 3864 10.
744 3814 859 3879 (Fabius)
875 3816 918 3869 τὴν
934 3812 1030 3874 &drapo
1046 3813 1178 3876 διενείματο
1193 3816 1338 3876 σρόςοιῦτόν.

254 3907 311 3956 Dio
334 3905 483 3968 Cassius,
501 3906 602 3971 Fragm
620 3906 786 3956 Peiresciana.
803 3903 845 3955 48.
863 3905 876 3954 ὁ
893 3904 918 3954 δὲ
936 3907 1024 3968 saproc
1042 3905 1153 3968 φοβηθεὶς
1169 3905 1204 3967 μή
1221 3925 1245 3954 τι
1264 3909 1335 3956 κοινὸν

220 4001 292 4060 σφᾶς,
310 3997 331 4046 εἷ
349 3997 428 4055 πάσης
444 4001 487 4055 τῆς
504 3997 624 4058 δυνάμεως
643 3995 761 4059 ἐγκρατὴς
776 3996 876 4059 γένοντο,
893 3995 1057 4062 ἐξεργάσαιτο,
1073 4000 1127 4059 πρὸς
1142 3997 1260 4059 οὐδέτερον
1269 3997 1334 4062 οιῖντῷ

220 4087 350 4153 συνῄνεσεν,
369 4089 427 4138 ἀλλ’
451 4087 560 4151 ἐνείματο
577 4091 606 4138 τὸ
624 4089 771 4150 στράτευμα,
790 4088 853 4138 ίίστε
871 4086 894 4138 ἐν
913 4089 983 4151 ὁμοίῳ
1000 4093 1050 4146 τοῖς
1068 4088 1166 4146 ὑπάτοις
1180 4089 1222 4139 nal
1236 4088 1335 4148 ἐκείνους

220 4178 279 4232 arm
297 4178 405 4238 ἑκάτερον
424 4180 495 4240 ἰσχὺν
513 4179 586 4241 ’ἔχειν

252 4271 434 4336 AppianUS,
450 4272 560 4323 Hannlb.
574 4270 614 4322 13.
629 4273 678 4324 hoc
691 4276 794 4322 tantum
809 4271 881 4323 dicit:
891 4271 1040 4334 μερισάμενοι
1052 4271 1096 4330 τὴν
1106 4271 1220 4332 στροοτίοον
1229 4270 1329 4330 uallatur

220 4358 332 4419 ἀλλήλων
351 4358 553 4423 ἐστρατοπέδευον.
