3408 5116
779 513 906 574 ’86

331 770 346 803 ‚,
359 722 483 786 Sensim
513 721 620 786 infuse
650 721 821 805 tranquilla
851 741 908 807 per
930 741 1068 805 aequora
1089 719 1195 806 pace'’‚
1220 722 1277 786 ubi
1299 722 1338 788 de
1361 724 1440 786 mari

328 846 435 911 sedato
467 867 531 931 pax
554 849 670 932 optime
695 847 833 929 dicatur3
857 849 909 910 hic
933 823 1006 912 vero
1032 848 1147 931 quietis
1172 867 1286 912 sensus
1310 849 1440 913 minime

327 973 509 1056 requiritur,
539 974 656 1056 optime
683 979 794 1036 contra
823 972 941 1058 legitur
968 971 1065 1038 facies
1087 973 1149 1036 loci
1171 973 1191 1036 i.
1204 991 1229 1037 e.
1253 976 1441 1056 natura,

327 1104 365 1164 ut
388 1099 441 1164 Sil.
464 1099 553 1184 VIII.
578 1100 659 1162 317:

463 1224 552 1302 Quae
573 1229 688 1289 natira
709 1225 781 1304 loci,
807 1225 892 1309 quod
916 1227 966 1302 sit,
988 1224 1143 1290 rimabere
1167 1224 1285 1308 sollers,
1358 1265 1360 1270 -

458 1353 632 1416 Armorum
651 1351 778 1436 genus?

371 1478 439 1541 Liv.
462 1469 579 1541 XXIII
596 1479 646 1540 38.
672 1479 708 1541 9:

460 1641 501 1650 —
528 1605 741 1687 „priusquam
763 1608 909 1688 naturam
931 1604 1070 1687 regionis
1092 1602 1230 1686 uosset'.',
1253 1642 1295 1650 -—
1320 1642 1361 1651 —

371 1728 453 1791 Pliu.
475 1728 552 1814 Epp.
575 1729 616 1792 H.
642 1730 691 1792 17.
714 1729 810 1793 facies
837 1728 975 1793 urbium.

373 1853 493 1918 Caesar.
517 1853 556 1919 de
577 1854 667 1918 Bello
692 1821 769 1918 Gali.
792 1853 816 1918 Ι.
840 1856 869 1917 4.
892 1855 1014 1919 Nature
1039 1856 1163 1919 montis.

375 1976 479 2054 Quam
509 1979 697 2063 elegantiam
728 1979 857 2044 Ernesti
880 1979 984 2044 verbis
1012 1999 1211 2064 „pacemque
1233 1980 1316 2045 loci’'
1338 1982 1442 2046 inesse

221 2187 225 2200 .
328 2107 458 2189 putarit,
480 2126 545 2170 non
572 2105 723 2189 inteliigc.

373 2350 427 2416 Sil.
449 2353 505 2417 VI.
530 2354 610 2417 256:
639 2397 642 2405 ·
710 2349 711 2354 ¹

462 2479 530 2584 Nec
553 2479 672 2544 frustra
693 2480 803 2564 rapidi,
826 2453 1009 2544 stimulante
1032 2480 1146 2563 dolore,
1168 2480 1281 2545 sudsset

452 2607 613 2691 Impetus
637 2644 678 2654 —
701 2645 743 2652 —

376 2733 428 2798 Sic
473 2734 602 2822 uulgata
642 2734 743 2798 lecti0.
784 2732 890 2796 Editio
930 2732 1073 2797 Romana
1109 2733 1152 2816 Π,
1196 2734 1279 2796 1471
1315 2732 1443 2798 exhibet

328 2858 475 2922 rabidi

259 3021 262 3028 ·
373 2984 584 3070 Rapidus
615 2985 675 3049 hcc
697 2984 766 3048 loco
791 2987 878 3048 omni
897 2987 930 3048 vi
950 2990 1042 3068 caret
1061 2986 1228 3051 celeritatis
1247 2987 1333 3050 enim
1355 2987 1443 3050 notio
1489 3039 1491 3045 .

331 3113 440 3176 sensui
463 3131 594 3196 prorsus
617 3111 719 3175 aliena
742 3115 798 3193 est,
816 3111 894 3175 rab
906 3111 1013 3176 idus
1032 3118 1142 3176 contra
1161 3113 1278 3197 optime
1301 3112 1447 3196 quadrat,

331 3232 432 3321 ecque
467 3240 575 3322 magis,
611 3238 697 3321 quod
731 3237 835 3301 tribus
869 3237 1016 3303 versibus
1051 3243 1124 3303 aute
1155 3238 1194 3302 de
1225 3239 1360 3304 dracone
1388 3239 1443 3304 illc

331 3362 450 3426 dictum
481 3369 544 3426 est:
580 3362 696 3444 „Furit
717 3363 804 3428 ihcct
825 3365 873 3426 ira
895 3362 1082 3448 terrigena’',
1109 3365 1306 3449 rapidus
1329 3370 1361 3430 et
1383 3365 1463 3429 ra-'

331 3488 470 3552 bidus
501 3491 534 3551 in
567 3488 715 3552 omnibus
738 3487 842 3554 Libris
866 3491 1087 3573 manuscriptis
1112 3492 1288 3556 sexcenties
1305 3491 1444 3563 ,confun-

284 3633 289 3642 ·
333 3615 460 3704 duntur.
484 3614 592 3678 Possis
616 3616 710 3678 ctiam
732 3617 988 3699 interpunctione
1012 3620 1132 3680 mutata
1153 3616 1273 3701 legere:

465 3753 532 3818 Nec
553 3754 679 3836 frustra,
702 3735 811 3818 rabido
835 3756 1017 3820 stimulante
1040 3755 1154 3834 dolore,
1176 3756 1289 3821 fuisset

464 3880 611 3965 Impetus
631 3919 672 3926 —
696 3919 738 3927 -

378 4029 470 4107 Quod
492 4032 598 4095 nesctc
623 4051 664 4120 an
686 4031 801 4095 melius
825 4033 873 4096 sit
895 4031 954 4096 Est
978 4033 1061 4096 enim
1082 4036 1246 4116 poetarum
1264 4050 1364 4115 paene
1382 4031 1444 4115 lex,

332 4177 397 4220 non
425 4158 528 4220 sinere
551 4155 787 4220 substantivum
810 4157 963 4221 adiectivo
988 4176 1046 4221 suc
1070 4176 1185 4239 carere,
1205 4176 1311 4240 neque
1329 4157 1446 4222 Noster

335 4281 373 4345 ab
397 4282 455 4344 hac
477 4281 587 4366 regula
610 4281 749 4346 discedit.
1259 4269 1263 4276 ¹
