3364 5118
720 612 763 674 49

192 817 352 884 Romanos
375 825 406 885 et
429 819 711 905 Carthaginienses.
737 819 870 905 Copiose
893 821 931 886 de
954 822 1013 886 hac
1033 823 1214 906 egressione
1233 827 1306 905 poti-

193 946 254 1008 tica
288 945 441 1010 disserere
470 966 488 1009 a
516 949 677 1030 proposito
707 965 777 1011 meo
801 947 939 1011 alienum
964 948 1074 1011 credo:
1097 948 1159 1010 hoc
1182 952 1305 1010 tantum

192 1075 344 1134 annotare
374 1072 455 1154 volo,
478 1074 650 1153 materiam,
674 1077 710 1136 ut
733 1072 874 1156 Ruperti,
898 1071 1033 1154 Ernesti,
1057 1092 1231 1156 omnesque
1253 1073 1306 1134 alii

193 1194 263 1259 Silii
287 1196 422 1262 editores
440 1199 628 1262 iamdudum
647 1200 804 1281 viderunt,
825 1199 1025 1282 desumptam
1045 1217 1113 1262 esee
1133 1208 1163 1262 et
1182 1198 1305 1282 eVerg.

117 1312 120 1318 ’
193 1318 305 1404 Georg.
327 1320 383 1384 IV.
408 1323 582 1386 387-529
605 1328 636 1388 et
659 1343 700 1388 ex
722 1323 816 1387 Hom.
842 1322 954 1405 Odyss.
977 1322 1003 1386 δ.
1028 1325 1100 1386 384.
1121 1343 1188 1406 sqq.

235 1444 405 1510 Retexitur
423 1450 611 1513 narrationis
633 1448 734 1531 filum,
757 1469 775 1512 a
798 1467 893 1512 versu
916 1449 981 1511 409
1005 1447 1185 1532 abruptum.

236 1569 293 1634 Vs.
310 1573 383 1635 494.
403 1571 566 1636 Minucius
587 1572 716 1641 absente
727 1573 879 1637 dictatore
892 1572 1034 1656 confligit
1045 1593 1117 1636 cum
1130 1573 1229 1654 hoste,
1243 1575 1307 1656 qui,

193 1718 258 1782 quo
283 1701 382 1783 magis
402 1718 477 1763 eum
496 1699 536 1762 ad
554 1699 803 1782 depugnandum
823 1699 933 1770 eliciat,
952 1697 1060 1782 fugam
1081 1699 1217 1762 simulat.
1237 1698 1308 1762 Hoc

191 1823 262 1888 loco
285 1843 320 1889 re
337 1844 413 1894 vera
431 1824 529 1890 Silius
548 1824 694 1888 abhorret
713 1845 731 1888 a
750 1823 840 1887 Livio
861 1828 892 1889 et
911 1823 1054 1907 Polybio,
1067 1830 1174 1888 narrat
1185 1824 1308 1887 Hanni-

192 1917 297 2015 balem
329 1956 455 2015 tantum
488 1951 597 2035 fugam
632 1951 842 2033 simulavisse,
879 1970 977 2034 quum
1013 1955 1148 2033 uterque
1182 1950 1307 2014 histori-

192 2095 252 2140 cus
273 2081 380 2140 narrat
402 2078 566 2141 victoriam
589 2077 736 2160 quamvis
760 2096 888 2160 parvam
909 2097 927 2139 a
946 2075 1100 2140 Romanis
1118 2079 1305 2159 reportatam

192 2219 263 2266 esse
275 2201 307 2284 1).
330 2201 443 2285 Neque
460 2207 567 2266 tamen
585 2201 656 2266 ideo
677 2207 761 2266 recte
779 2201 899 2265 iudicat
910 2199 1141 2282 Heynaoherus
1155 2202 1177 2282 2)
1193 2201 1307 2265 Silium

192 2347 293 2391 uuam
324 2332 449 2391 tantum
480 2311 615 2392 Minucii
638 2348 779 2412 pugnarn
802 2325 1037 2410 memoravisse,
1061 2347 1203 2411 eamque,
1227 2347 1308 2411 quae

192 2425 284 2517 Fabii
309 2455 493 2518 interventu
514 2455 668 2538 dirempta
692 2456 740 2518 sit.
765 2452 909 2518 Concedo
934 2455 1063 2537 quidem
1085 2473 1161 2535 rem,
1185 2456 1309 2518 siouta

193 2578 271 2642 Silio
303 2583 457 2661 narratur,
482 2579 683 2663 descriptioni
705 2579 855 2643 Livianae
878 2580 1009 2644 minime
1031 2580 1228 2663 respondere,
1254 2580 1309 2643 sed
1396 2595 1398 2600 ’

193 2705 325 2768 omnino
349 2704 469 2768 nullam
493 2706 688 2769 mentionem
710 2707 756 2769 rei
772 2705 886 2768 factam
907 2723 984 2787 esse,
1003 2724 1068 2768 uon
1087 2724 1216 2788 possum
1230 2706 1308 2788 quin

192 2846 316 2912 negem.
338 2827 387 2893 De
408 2830 574 2912 industria,
597 2830 717 2914 opinor,
740 2834 936 2894 momentum
956 2831 1107 2894 victoriae
1129 2851 1147 2894 a
1166 2829 1307 2893 Minucio

193 2959 370 3039 reportatae
399 2955 591 3039 detrectavit,
623 2956 891 3040 quemadmodum
923 2955 1006 3039 alibi,
1029 2961 1067 3020 ut
1096 2957 1222 3040 saepius
1244 2957 1307 3019 iam

194 3080 345 3164 vidimus,
368 3101 418 3146 res
440 3087 545 3164 gestas
568 3083 658 3145 auxit
680 3087 711 3146 et
734 3080 946 3164 amplificavit,
967 3101 1031 3165 quo
1051 3083 1152 3166 magis
1172 3082 1310 3145 eluceret

194 3203 285 3269 Fabii
313 3207 425 3290 virtus,
454 3213 563 3291 postea
589 3206 740 3292 Magistro
764 3206 920 3291 Equitum
944 3207 982 3270 ab
1005 3206 1150 3272 hostibus
1174 3208 1309 3271 circum-

194 3336 289 3396 vento
313 3333 471 3397 auxilium
489 3332 626 3397 ferentis.
645 3332 741 3397 Recte
762 3333 891 3416 quidem
910 3331 1055 3396 observat
1075 3331 1308 3413 Heynaoherus

196 3461 303 3523 omnia
325 3461 445 3524 circum
468 3459 603 3524 Fabium
624 3461 754 3542 versari,
777 3460 832 3524 sed
853 3460 950 3523 huius
972 3461 1019 3523 rei
1038 3478 1165 3524 causam
1186 3479 1259 3523 cum
1272 3478 1309 3523 eo

196 3604 348 3668 quaerere
368 3587 403 3648 iu
426 3585 513 3650 fonte
535 3585 683 3668 Fabiano,
705 3584 869 3669 probabile
891 3585 970 3648 mihi
992 3603 1058 3648 non
1080 3584 1215 3649 videtur.

239 3709 348 3774 Meum
384 3710 539 3774 iudicium
573 3711 623 3776 bis
657 3709 762 3775 verbis
796 3709 1001 3794 complector:
1036 3708 1126 3793 Fuga
1160 3710 1309 3773 simulata

196 3833 386 3899 Hannibalis
416 3834 500 3918 apud
532 3834 655 3918 Silium,
685 3840 717 3899 et
744 3835 875 3898 victoria
897 3834 1040 3918 Minucii,
1063 3853 1160 3918 quam
1182 3838 1311 3898 narrant

199 4040 344 4050 .—

229 4181 256 4246 l)
275 4181 311 4232 cf.
329 4181 382 4230 Liv.
400 4180 480 4230 XXll.
495 4178 562 4230 233
577 4185 735 4248 „postquam
752 4181 856 4231 absente
870 4194 899 4229 eo
911 4179 939 4244 [i.
948 4194 970 4229 e.
979 4178 1066 4244 Fabio]
1078 4179 1221 4228 temeritate
1231 4180 1312 4244 magi-

196 4273 243 4322 stri
260 4272 385 4337 Equitum
401 4272 467 4321 laeto
485 4272 570 4322 verius
586 4272 702 4336 dixerim,
716 4286 797 4336 qnam
812 4284 931 4334 prospero
948 4267 1312 4334 eventupugnatumfuerat.”

229 4363 257 4429 2)
276 4363 364 4430 Progr.
382 4379 404 4414 c.
421 4363 438 4412 5
457 4365 470 4430 ξ
488 4363 530 4414 ll.
1273 4405 1275 4410 .

1200 4452 1217 4502 4
