3360 5116
742 597 783 658 59

205 810 236 870 et
258 806 353 890 poulo
378 805 475 869 infra:
503 804 590 887 „Die
615 806 828 890 Versiihnung
848 806 957 870 beiden
978 805 1174 869 ausfiihrlioh
1199 806 1318 870 erathlt

203 953 266 997 von
296 931 416 1015 Inuus,
448 931 554 1015 Silius,
577 932 742 1012 Plutarch;
767 952 831 996 ron
854 931 1004 1013 Polybios
1029 932 1202 996 wiederum
1224 931 1317 997 iiber-

203 1057 358 1142 gangen.''
384 1057 467 1133 Quid
491 1059 569 1122 haec
590 1057 686 1123 verba
710 1057 771 1122 sibi
790 1058 897 1141 velint,
916 1059 1044 1141 assequi
1061 1077 1194 1142 nequeo.
1207 1058 1317 1142 Nemo,

202 1187 323 1274 opinor,
346 1185 474 1269 negabit
494 1183 631 1267 Livium,
652 1186 735 1249 inter
754 1185 834 1249 alios
848 1189 1001 1261 auctores,
1012 1183 1176 1248 annaiium
1189 1204 1317 1269 quoque
1373 1247 1375 1255 A

206 1312 374 1394 scriptores
405 1316 551 1374 secutum
574 1329 659 1390 esse;
683 1309 796 1374 Silium
821 1329 904 1392 vero,
926 1314 963 1373 ut
984 1309 1056 1373 vult
1077 1309 1317 1393 Heynacherus‚

202 1439 309 1521 ipsum
343 1436 476 1500 Fabium
511 1435 667 1500 Pictorem
702 1439 848 1499 secutum
881 1454 960 1518 esse,
994 1435 1069 1498 hinc
1103 1434 1191 1499 nullo
1222 1436 1315 1499 modo
1381 1508 1384 1516 Ι

204 1561 286 1626 effici
308 1566 419 1645 potest.
443 1560 618 1625 Permaneo
641 1563 674 1624 in
698 1562 854 1625 sententia
872 1580 950 1642 mea,
969 1560 1084 1625 Silium
1103 1560 1169 1625 fere
1194 1580 1317 1644 semper

203 1685 363 1750 Livium
386 1689 503 1769 ipsum,
526 1706 562 1750 ac
584 1706 641 1770 per
662 1706 734 1750 eum
759 1692 881 1750 tantum
902 1692 1023 1751 veteres
1043 1686 1205 1750 annalium
1221 1688 1318 1769 scrip-

203 1814 287 1874 tores
308 1810 411 1874 fontes
431 1810 588 1875 habuisse.
609 1808 739 1875 Constat
756 1810 1003 1892 Heynacherum
1022 1813 1210 1894 neutiquam
1228 1827 1317 1899 prae-

203 1936 342 1999 iudicata
363 1937 512 2020 opinione
534 1935 669 2000 liberum
693 1955 773 2020 opus
797 1956 981 2020 aggressum
1006 1955 1083 2002 esse.
1109 1935 1201 2012 Quod
1219 1939 1255 2002 ni
1273 1939 1317 2001 ita

204 2068 294 2145 esset,
319 2082 384 2126 non
409 2064 502 2146 quasi
524 2062 563 2128 de
585 2063 742 2126 industria
760 2065 1022 2146 praetermisisset
1041 2065 1264 2148 congruentias
1277 2083 1318 2128 ne

204 2189 367 2251 minimam
405 2189 533 2272 quidem
568 2189 847 2252 contradictionem
881 2189 1090 2271 admittentes
1126 2208 1230 2272 neque
1265 2188 1317 2253 vel

204 2315 400 2378 tenuissimis
433 2315 616 2379 differentiis
638 2316 756 2398 passim
781 2317 899 2379 summi
922 2317 1075 2380 momenti
1097 2317 1234 2399 speciem
1258 2317 1317 2379 im-

204 2441 371 2524 posuisset
