3360 5116
571 1639 575 1647 '
614 1627 828 1703 CAPUT
868 1627 934 1700 IV.

677 1953 871 1962 *—

582 2213 806 2257 Annorirlonns
830 2212 972 2256 ORI'I'IGAE.

261 2403 363 2468 Nemo
399 2404 563 2482 dubitabit,
594 2406 673 2488 quin
703 2406 737 2467 in
769 2405 837 2468 Silii
866 2409 957 2468 textu
983 2403 1073 2468 nobis
1096 2403 1209 2468 tradito
1235 2403 1333 2466 multa

218 2529 402 2612 corrigenda
444 2534 539 2612 atque
574 2531 660 2593 vitiis
693 2530 859 2613 purganda
893 2533 965 2594 sint.
996 2529 1100 2594 Facile
1135 2529 1240 2613 quivis
1275 2529 1334 2590 hoc

217 2654 380 2737 intelliget,
412 2655 467 2737 qui
498 2655 622 2718 noverit
651 2655 708 2737 qui
737 2654 888 2718 librorum
913 2655 1200 2738 manuscriptorum
1224 2651 1332 2716 Nostri

218 2799 311 2844 casus
342 2780 469 2844 fuerint.
498 2780 601 2862 Liber,
633 2800 728 2865 quem
761 2781 902 2865 Poggius
932 2783 1055 2844 invenit
1082 2781 1116 2843 in
1145 2778 1333 2842 bibliotheca

219 2906 416 2991 sangallensi
453 2912 483 2970 et
516 2908 738 2990 transscripsit,
773 2906 862 2971 brevi
894 2912 966 2990 post
1001 2907 1141 2990 deperiit,
1176 2904 1333 2988 nobisque

219 3032 265 3094 nil
290 3032 407 3116 reliqui
429 3037 485 3113 est,
507 3033 572 3096 nisi
595 3034 775 3116 apographa
796 3032 884 3096 illius
907 3032 979 3094 libri
1001 3025 1191 3115 plerumque
1215 3033 1334 3115 pravis-

221 3160 301 3223 sima
332 3161 482 3242 vitiisque
516 3160 679 3223 scatentia.
711 3159 804 3224 Unus
833 3159 1030 3223 Coloniensis
1060 3157 1155 3221 Liber
1189 3163 1244 3240 est,
1279 3158 1335 3241 qui

221 3285 332 3347 ceteris
362 3283 457 3367 paulo
486 3289 635 3367 praestat.
662 3284 777 3348 Textui
808 3284 1004 3348 emendando
1034 3284 1184 3368 perpauci
1206 3287 1331 3346 tantum

221 3428 348 3492 operam
362 3409 527 3473 dederunt
550 3414 623 3493 post
640 3410 816 3494 praeclaros
832 3410 904 3473 illos
923 3410 1067 3474 hominos
1080 3409 1252 3492 superioris
1265 3409 1337 3472 aevi

220 3529 525 3616 Drakenborohium,
547 3533 727 3616 Heinsium,
750 3534 836 3597 alios.

265 3659 360 3721 Anno
393 3659 476 3721 1877
507 3648 693 3743 prodierunt
723 3660 804 3723 duae
826 3657 1079 3742 DissertationeS,
1103 3659 1200 3723 altera
1222 3657 1332 3723 Mona·

222 3785 324 3848 sterii:
359 3782 593 3865 ,Quaestiones
627 3783 763 3848 Silianae
794 3786 920 3849 criticae
951 3789 982 3848 et
1005 3783 1213 3868 exegeticae,'’
1239 3804 1335 3867 quam

222 3909 348 3993 scripsit
370 3907 501 3973 Carolus
523 3907 630 3990 Koch,
658 3909 763 3992 altera,
786 3915 913 3974 auctore
936 3911 1084 3994 Augusto
1109 3908 1222 3993 Ohory,
1244 3907 1335 3973 Rati-

220 4033 335 4116 boriae,
347 4035 399 4098 cui
411 4035 539 4099 titulus:
556 4034 847 4117 ,Emendationum
860 4037 1051 4101 Silianarum
1063 4034 1253 4121 specimen.’'
1269 4033 1332 4114 Qui

221 4157 292 4220 Viri
324 4156 507 4223 Doctissimi
535 4180 592 4244 pro
623 4161 691 4225 suis
722 4162 860 4245 quisque
882 4161 1016 4245 viribus,
1038 4167 1076 4226 ut
1099 4162 1243 4227 obscuris
1267 4164 1337 4246 qui-

224 4283 358 4349 busdam
388 4286 473 4369 apud
503 4285 617 4350 Silium
644 4287 723 4350 locis
745 4287 855 4352 lumen
878 4286 1070 4366 adhiberent,
1092 4308 1220 4372 operam
1244 4289 1336 4354 dede·
