<?xml version="1.0" encoding="UTF-8"?>
<!DOCTYPE html PUBLIC "-//W3C//DTD XHTML 1.0 Transitional//EN"
    "http://www.w3.org/TR/xhtml1/DTD/xhtml1-transitional.dtd">
<html xmlns="http://www.w3.org/1999/xhtml" xml:lang="en" lang="en">
 <head>
  <title>
</title>
<meta http-equiv="Content-Type" content="text/html;charset=utf-8" />
  <meta name='ocr-system' content='tesseract 3.04.00' />
  <meta name='ocr-capabilities' content='ocr_page ocr_carea ocr_par ocr_line ocrx_word'/>
</head>
<body>
  <div class='ocr_page' id='page_1' title='image "./quaestionessili00veengoog_0091.png"; bbox 0 0 3360 5116; ppageno 0'>
   <div class='ocr_carea' id='block_1_1' title="bbox 870 625 911 688">
    <p class='ocr_par' dir='ltr' id='par_1_1' title="bbox 870 625 911 688">
     <span class='ocr_line' id='line_1_1' title="bbox 870 625 911 688; baseline 0.024 -1"><span class='ocrx_word' id='word_1_1' title='bbox 870 625 911 688; x_wconf 76' lang='lat'><strong>78</strong></span> 
     </span>
    </p>
   </div>
   <div class='ocr_carea' id='block_1_2' title="bbox 339 834 1459 2677">
    <p class='ocr_par' dir='ltr' id='par_1_2' title="bbox 339 834 1459 2677">
     <span class='ocr_line' id='line_1_2' title="bbox 340 834 1459 919; baseline 0.003 -22"><span class='ocrx_word' id='word_1_2' title='bbox 340 836 375 897; x_wconf 93' lang='lat' dir='ltr'><strong>in</strong></span> <span class='ocrx_word' id='word_1_3' title='bbox 397 835 456 898; x_wconf 86' lang='lat' dir='ltr'><strong>hac</strong></span> <span class='ocrx_word' id='word_1_4' title='bbox 477 836 681 918; x_wconf 83' lang='lat' dir='ltr'><strong>potissimum</strong></span> <span class='ocrx_word' id='word_1_5' title='bbox 704 841 792 919; x_wconf 81' lang='lat' dir='ltr'><strong>pario</strong></span> <span class='ocrx_word' id='word_1_6' title='bbox 813 834 947 900; x_wconf 85' lang='lat' dir='ltr'><strong>Liviana</strong></span> <span class='ocrx_word' id='word_1_7' title='bbox 969 837 1103 919; x_wconf 82' lang='lat' dir='ltr'><strong>vestigia</strong></span> <span class='ocrx_word' id='word_1_8' title='bbox 1120 837 1269 901; x_wconf 88' lang='lat' dir='ltr'><strong>indicare.</strong></span> <span class='ocrx_word' id='word_1_9' title='bbox 1288 836 1459 901; x_wconf 81' lang='lat' dir='ltr'>Contendit</span> 
     </span>
     <span class='ocr_line' id='line_1_3' title="bbox 341 958 1459 1044; baseline 0.003 -21"><span class='ocrx_word' id='word_1_10' title='bbox 341 977 434 1043; x_wconf 87' lang='lat' dir='ltr'><strong>porro</strong></span> <span class='ocrx_word' id='word_1_11' title='bbox 466 958 543 1023; x_wconf 84' lang='lat' dir='ltr'><strong>Silio</strong></span> <span class='ocrx_word' id='word_1_12' title='bbox 571 961 655 1023; x_wconf 85' lang='lat' dir='ltr'><strong>inter</strong></span> <span class='ocrx_word' id='word_1_13' title='bbox 683 959 785 1024; x_wconf 87' lang='lat' dir='ltr'><strong>fontes</strong></span> <span class='ocrx_word' id='word_1_14' title='bbox 816 959 934 1024; x_wconf 89' lang='lat' dir='ltr'><strong>Punici</strong></span> <span class='ocrx_word' id='word_1_15' title='bbox 956 959 1031 1024; x_wconf 88' lang='lat' dir='ltr'><strong>belli</strong></span> <span class='ocrx_word' id='word_1_16' title='bbox 1055 960 1188 1024; x_wconf 87' lang='lat' dir='ltr'><strong>secundi</strong></span> <span class='ocrx_word' id='word_1_17' title='bbox 1210 962 1316 1025; x_wconf 92' lang='lat' dir='ltr'><strong>locum</strong></span> <span class='ocrx_word' id='word_1_18' title='bbox 1341 961 1459 1044; x_wconf 83' lang='lat' dir='ltr'><strong>deberi,</strong></span> 
     </span>
     <span class='ocr_line' id='line_1_4' title="bbox 341 1084 1455 1169; baseline 0.004 -23"><span class='ocrx_word' id='word_1_19' title='bbox 341 1084 420 1146; x_wconf 88' lang='lat' dir='ltr'><strong>mihi</strong></span> <span class='ocrx_word' id='word_1_20' title='bbox 453 1089 570 1166; x_wconf 77' lang='lat' dir='ltr'><strong>contra,</strong></span> <span class='ocrx_word' id='word_1_21' title='bbox 605 1089 642 1148; x_wconf 84' lang='lat' dir='ltr'><strong>ut</strong></span> <span class='ocrx_word' id='word_1_22' title='bbox 674 1084 820 1168; x_wconf 89' lang='lat' dir='ltr'><strong>pluribus</strong></span> <span class='ocrx_word' id='word_1_23' title='bbox 850 1085 928 1149; x_wconf 85' lang='lat' dir='ltr'><strong>locis</strong></span> <span class='ocrx_word' id='word_1_24' title='bbox 955 1085 1088 1169; x_wconf 87' lang='lat' dir='ltr'><strong>probare</strong></span> <span class='ocrx_word' id='word_1_25' title='bbox 1119 1090 1253 1150; x_wconf 86' lang='lat' dir='ltr'><strong>conatus</strong></span> <span class='ocrx_word' id='word_1_26' title='bbox 1277 1105 1359 1168; x_wconf 78' lang='lat' dir='ltr'><strong>sum,</strong></span> <span class='ocrx_word' id='word_1_27' title='bbox 1382 1107 1455 1151; x_wconf 92' lang='lat' dir='ltr'><strong>oum</strong></span> 
     </span>
     <span class='ocr_line' id='line_1_5' title="bbox 341 1209 1456 1293; baseline 0.001 -19"><span class='ocrx_word' id='word_1_28' title='bbox 341 1209 608 1292; x_wconf 80' lang='lat' dir='ltr'><strong>Sohliohtoisenio,</strong></span> <span class='ocrx_word' id='word_1_29' title='bbox 642 1210 768 1275; x_wconf 86' lang='lat' dir='ltr'><strong>Bauero</strong></span> <span class='ocrx_word' id='word_1_30' title='bbox 803 1216 834 1274; x_wconf 84' lang='lat' dir='ltr'><strong>et</strong></span> <span class='ocrx_word' id='word_1_31' title='bbox 866 1209 1017 1274; x_wconf 84' lang='lat' dir='ltr'><strong>Cosaokio</strong></span> <span class='ocrx_word' id='word_1_32' title='bbox 1047 1229 1234 1293; x_wconf 86' lang='lat' dir='ltr'><strong>persuasum</strong></span> <span class='ocrx_word' id='word_1_33' title='bbox 1263 1217 1319 1292; x_wconf 72' lang='lat' dir='ltr'><strong>est,</strong></span> <span class='ocrx_word' id='word_1_34' title='bbox 1342 1210 1456 1275; x_wconf 83' lang='lat' dir='ltr'><strong>Silium</strong></span> 
     </span>
     <span class='ocr_line' id='line_1_6' title="bbox 342 1336 1456 1421; baseline 0.001 -22"><span class='ocrx_word' id='word_1_35' title='bbox 342 1342 414 1400; x_wconf 89' lang='lat' dir='ltr'><strong>ante</strong></span> <span class='ocrx_word' id='word_1_36' title='bbox 435 1337 543 1400; x_wconf 87' lang='lat' dir='ltr'><strong>omnia</strong></span> <span class='ocrx_word' id='word_1_37' title='bbox 564 1342 689 1421; x_wconf 67' lang='lat' dir='ltr'><strong>poetam</strong></span> <span class='ocrx_word' id='word_1_38' title='bbox 712 1356 791 1418; x_wconf 78' lang='lat' dir='ltr'><strong>esse,</strong></span> <span class='ocrx_word' id='word_1_39' title='bbox 816 1337 909 1400; x_wconf 90' lang='lat' dir='ltr'><strong>onius</strong></span> <span class='ocrx_word' id='word_1_40' title='bbox 933 1337 1033 1420; x_wconf 85' lang='lat' dir='ltr'><strong>magis</strong></span> <span class='ocrx_word' id='word_1_41' title='bbox 1060 1337 1192 1400; x_wconf 84' lang='lat' dir='ltr'><strong>interest</strong></span> <span class='ocrx_word' id='word_1_42' title='bbox 1212 1336 1366 1400; x_wconf 77' lang='lat' dir='ltr'><strong>lectorum</strong></span> <span class='ocrx_word' id='word_1_43' title='bbox 1389 1338 1456 1400; x_wconf 89' lang='lat' dir='ltr'><strong>ani-</strong></span> 
     </span>
     <span class='ocr_line' id='line_1_7' title="bbox 340 1460 1456 1546; baseline 0.002 -22"><span class='ocrx_word' id='word_1_44' title='bbox 340 1480 410 1525; x_wconf 93' lang='lat' dir='ltr'><strong>mos</strong></span> <span class='ocrx_word' id='word_1_45' title='bbox 444 1460 599 1526; x_wconf 83' lang='lat' dir='ltr'><strong>oblectare</strong></span> <span class='ocrx_word' id='word_1_46' title='bbox 632 1482 669 1527; x_wconf 87' lang='lat' dir='ltr'><strong>ao</strong></span> <span class='ocrx_word' id='word_1_47' title='bbox 699 1467 806 1527; x_wconf 88' lang='lat' dir='ltr'><strong>tenere</strong></span> <span class='ocrx_word' id='word_1_48' title='bbox 838 1482 933 1545; x_wconf 86' lang='lat' dir='ltr'><strong>quam</strong></span> <span class='ocrx_word' id='word_1_49' title='bbox 964 1463 1128 1525; x_wconf 83' lang='lat' dir='ltr'><strong>historiam</strong></span> <span class='ocrx_word' id='word_1_50' title='bbox 1151 1461 1294 1526; x_wconf 88' lang='lat' dir='ltr'><strong>scribere.</strong></span> <span class='ocrx_word' id='word_1_51' title='bbox 1319 1461 1390 1537; x_wconf 83' lang='lat' dir='ltr'><strong>Quo</strong></span> <span class='ocrx_word' id='word_1_52' title='bbox 1411 1462 1456 1546; x_wconf 86' lang='lat' dir='ltr'><strong>fit,</strong></span> 
     </span>
     <span class='ocr_line' id='line_1_8' title="bbox 341 1586 1457 1670; baseline 0 -19"><span class='ocrx_word' id='word_1_53' title='bbox 341 1593 386 1668; x_wconf 81' lang='lat' dir='ltr'><strong>ui,</strong></span> <span class='ocrx_word' id='word_1_54' title='bbox 409 1586 464 1651; x_wconf 91' lang='lat' dir='ltr'><strong>nbi</strong></span> <span class='ocrx_word' id='word_1_55' title='bbox 495 1588 692 1651; x_wconf 83' lang='lat' dir='ltr'><strong>occasionem</strong></span> <span class='ocrx_word' id='word_1_56' title='bbox 714 1587 819 1652; x_wconf 85' lang='lat' dir='ltr'><strong>videat</strong></span> <span class='ocrx_word' id='word_1_57' title='bbox 842 1587 964 1670; x_wconf 86' lang='lat' dir='ltr'><strong>aliquid</strong></span> <span class='ocrx_word' id='word_1_58' title='bbox 986 1586 1110 1670; x_wconf 79' lang='lat' dir='ltr'>pulchri</span> <span class='ocrx_word' id='word_1_59' title='bbox 1133 1588 1267 1650; x_wconf 75' lang='lat' dir='ltr'><strong>carmini</strong></span> <span class='ocrx_word' id='word_1_60' title='bbox 1287 1588 1457 1670; x_wconf 80' lang='lat' dir='ltr'><strong>inserendi,</strong></span> 
     </span>
     <span class='ocr_line' id='line_1_9' title="bbox 342 1711 1455 1794; baseline 0.001 -19"><span class='ocrx_word' id='word_1_61' title='bbox 342 1714 473 1775; x_wconf 90' lang='lat' dir='ltr'><strong>minimo</strong></span> <span class='ocrx_word' id='word_1_62' title='bbox 504 1719 650 1776; x_wconf 78' lang='lat' dir='ltr'>vereatur</span> <span class='ocrx_word' id='word_1_63' title='bbox 678 1711 753 1776; x_wconf 89' lang='lat' dir='ltr'><strong>fidei</strong></span> <span class='ocrx_word' id='word_1_64' title='bbox 782 1713 950 1776; x_wconf 81' lang='lat' dir='ltr'><strong>historicae</strong></span> <span class='ocrx_word' id='word_1_65' title='bbox 973 1712 1023 1775; x_wconf 80' lang='lat' dir='ltr'><strong>vol</strong></span> <span class='ocrx_word' id='word_1_66' title='bbox 1045 1713 1220 1775; x_wconf 83' lang='lat' dir='ltr'><strong>maximam</strong></span> <span class='ocrx_word' id='word_1_67' title='bbox 1243 1713 1310 1775; x_wconf 91' lang='lat' dir='ltr'><strong>vim</strong></span> <span class='ocrx_word' id='word_1_68' title='bbox 1331 1712 1455 1794; x_wconf 79' lang='lat' dir='ltr'><strong>inferre,</strong></span> 
     </span>
     <span class='ocr_line' id='line_1_10' title="bbox 341 1837 1454 1922; baseline 0.001 -21"><span class='ocrx_word' id='word_1_69' title='bbox 341 1843 377 1902; x_wconf 90' lang='lat' dir='ltr'><strong>nt</strong></span> <span class='ocrx_word' id='word_1_70' title='bbox 399 1840 517 1922; x_wconf 90' lang='lat' dir='ltr'><strong>passim</strong></span> <span class='ocrx_word' id='word_1_71' title='bbox 540 1839 647 1902; x_wconf 83' lang='lat' dir='ltr'><strong>videre</strong></span> <span class='ocrx_word' id='word_1_72' title='bbox 668 1859 840 1922; x_wconf 90' lang='lat' dir='ltr'><strong>possumus</strong></span> <span class='ocrx_word' id='word_1_73' title='bbox 859 1844 890 1903; x_wconf 85' lang='lat' dir='ltr'><strong>et</strong></span> <span class='ocrx_word' id='word_1_74' title='bbox 909 1840 944 1901; x_wconf 90' lang='lat' dir='ltr'><strong>in</strong></span> <span class='ocrx_word' id='word_1_75' title='bbox 962 1839 1011 1901; x_wconf 88' lang='lat' dir='ltr'><strong>his</strong></span> <span class='ocrx_word' id='word_1_76' title='bbox 1031 1837 1157 1901; x_wconf 91' lang='lat' dir='ltr'><strong>duobus</strong></span> <span class='ocrx_word' id='word_1_77' title='bbox 1176 1837 1265 1901; x_wconf 90' lang='lat' dir='ltr'><strong>libris</strong></span> <span class='ocrx_word' id='word_1_78' title='bbox 1285 1839 1360 1901; x_wconf 88' lang='lat' dir='ltr'><strong>etin</strong></span> <span class='ocrx_word' id='word_1_79' title='bbox 1373 1843 1454 1902; x_wconf 84' lang='lat' dir='ltr'><strong>oete-</strong></span> 
     </span>
     <span class='ocr_line' id='line_1_11' title="bbox 340 1947 1454 2047; baseline 0.001 -21"><span class='ocrx_word' id='word_1_80' title='bbox 340 1964 385 2026; x_wconf 90' lang='lat' dir='ltr'><strong>ris</strong></span> <span class='ocrx_word' id='word_1_81' title='bbox 407 1961 564 2026; x_wconf 89' lang='lat' dir='ltr'><strong>omnibus.</strong></span> <span class='ocrx_word' id='word_1_82' title='bbox 589 1947 729 2041; x_wconf 74' lang='lat' dir='ltr'><strong>Poetioo&#39;</strong></span> <span class='ocrx_word' id='word_1_83' title='bbox 739 1965 865 2027; x_wconf 84' lang='lat' dir='ltr'><strong>ornatui</strong></span> <span class='ocrx_word' id='word_1_84' title='bbox 885 1965 1024 2047; x_wconf 84' lang='lat' dir='ltr'><strong>primum</strong></span> <span class='ocrx_word' id='word_1_85' title='bbox 1041 1963 1148 2027; x_wconf 91' lang='lat' dir='ltr'><strong>locum</strong></span> <span class='ocrx_word' id='word_1_86' title='bbox 1169 1964 1321 2027; x_wconf 76' lang='lat' dir='ltr'><strong>concedit.</strong></span> <span class='ocrx_word' id='word_1_87' title='bbox 1340 1962 1454 2046; x_wconf 72' lang='lat' dir='ltr'><strong>Pilum,</strong></span> 
     </span>
     <span class='ocr_line' id='line_1_12' title="bbox 341 2088 1453 2173; baseline 0.001 -23"><span class='ocrx_word' id='word_1_88' title='bbox 341 2094 377 2151; x_wconf 89' lang='lat' dir='ltr'><strong>nt</strong></span> <span class='ocrx_word' id='word_1_89' title='bbox 397 2089 443 2151; x_wconf 79' lang='lat' dir='ltr'><strong>ita</strong></span> <span class='ocrx_word' id='word_1_90' title='bbox 466 2089 577 2172; x_wconf 76' lang='lat' dir='ltr'><strong>dicam,</strong></span> <span class='ocrx_word' id='word_1_91' title='bbox 600 2089 796 2172; x_wconf 81' lang='lat' dir='ltr'><strong>historicum,</strong></span> <span class='ocrx_word' id='word_1_92' title='bbox 816 2089 902 2172; x_wconf 92' lang='lat' dir='ltr'><strong>quod</strong></span> <span class='ocrx_word' id='word_1_93' title='bbox 919 2093 1021 2153; x_wconf 77' lang='lat' dir='ltr'><strong>totum</strong></span> <span class='ocrx_word' id='word_1_94' title='bbox 1041 2108 1168 2152; x_wconf 86' lang='lat' dir='ltr'><strong>carmen</strong></span> <span class='ocrx_word' id='word_1_95' title='bbox 1187 2090 1352 2173; x_wconf 86' lang='lat' dir='ltr'><strong>percurrit,</strong></span> <span class='ocrx_word' id='word_1_96' title='bbox 1362 2088 1453 2152; x_wconf 85' lang='lat' dir='ltr'><strong>Livio</strong></span> 
     </span>
     <span class='ocr_line' id='line_1_13' title="bbox 340 2215 1454 2300; baseline 0.003 -24"><span class='ocrx_word' id='word_1_97' title='bbox 340 2219 371 2277; x_wconf 90' lang='lat' dir='ltr'><strong>et</strong></span> <span class='ocrx_word' id='word_1_98' title='bbox 399 2233 632 2298; x_wconf 86' lang='lat' dir='ltr'><strong>nonnunquam</strong></span> <span class='ocrx_word' id='word_1_99' title='bbox 655 2215 789 2297; x_wconf 91' lang='lat' dir='ltr'><strong>Polybio</strong></span> <span class='ocrx_word' id='word_1_100' title='bbox 813 2235 886 2280; x_wconf 87' lang='lat' dir='ltr'><strong>eum</strong></span> <span class='ocrx_word' id='word_1_101' title='bbox 911 2215 1032 2296; x_wconf 84' lang='lat' dir='ltr'><strong>debere,</strong></span> <span class='ocrx_word' id='word_1_102' title='bbox 1060 2219 1216 2298; x_wconf 85' lang='lat' dir='ltr'><strong>quantum</strong></span> <span class='ocrx_word' id='word_1_103' title='bbox 1241 2221 1381 2300; x_wconf 77' lang='lat' dir='ltr'><strong>poteram</strong></span> <span class='ocrx_word' id='word_1_104' title='bbox 1403 2235 1454 2279; x_wconf 83' lang='lat' dir='ltr'><strong>oo</strong></span> 
     </span>
     <span class='ocr_line' id='line_1_14' title="bbox 339 2339 1455 2423; baseline 0.001 -20"><span class='ocrx_word' id='word_1_105' title='bbox 339 2344 434 2403; x_wconf 83' lang='lat' dir='ltr'><strong>natus</strong></span> <span class='ocrx_word' id='word_1_106' title='bbox 468 2358 540 2403; x_wconf 88' lang='lat' dir='ltr'><strong>sum</strong></span> <span class='ocrx_word' id='word_1_107' title='bbox 575 2358 740 2423; x_wconf 84' lang='lat' dir='ltr'><strong>exponere.</strong></span> <span class='ocrx_word' id='word_1_108' title='bbox 771 2339 893 2416; x_wconf 76' lang='lat' dir='ltr'><strong>Quodsi</strong></span> <span class='ocrx_word' id='word_1_109' title='bbox 924 2341 984 2403; x_wconf 92' lang='lat' dir='ltr'><strong>hoo</strong></span> <span class='ocrx_word' id='word_1_110' title='bbox 1014 2340 1216 2423; x_wconf 85' lang='lat' dir='ltr'><strong>aliquatenus</strong></span> <span class='ocrx_word' id='word_1_111' title='bbox 1248 2359 1304 2422; x_wconf 91' lang='lat' dir='ltr'><strong>pro</strong></span> <span class='ocrx_word' id='word_1_112' title='bbox 1328 2341 1455 2423; x_wconf 82' lang='lat' dir='ltr'><strong>exiguis</strong></span> 
     </span>
     <span class='ocr_line' id='line_1_15' title="bbox 339 2465 1455 2550; baseline 0 -22"><span class='ocrx_word' id='word_1_113' title='bbox 339 2465 563 2550; x_wconf 21' lang='lat' dir='ltr'><strong>meis&#39;viribus</strong></span> <span class='ocrx_word' id='word_1_114' title='bbox 581 2485 728 2550; x_wconf 89' lang='lat' dir='ltr'><strong>prospere</strong></span> <span class='ocrx_word' id='word_1_115' title='bbox 747 2467 825 2529; x_wconf 92' lang='lat' dir='ltr'><strong>mihi</strong></span> <span class='ocrx_word' id='word_1_116' title='bbox 845 2467 983 2546; x_wconf 78' lang='lat' dir='ltr'><strong>cesserit,</strong></span> <span class='ocrx_word' id='word_1_117' title='bbox 1003 2471 1173 2529; x_wconf 85' lang='lat' dir='ltr'><strong>contentus</strong></span> <span class='ocrx_word' id='word_1_118' title='bbox 1191 2484 1243 2529; x_wconf 87' lang='lat' dir='ltr'><strong>oro</strong></span> <span class='ocrx_word' id='word_1_119' title='bbox 1256 2465 1455 2542; x_wconf 84' lang='lat' dir='ltr'><strong>conscientia,</strong></span> 
     </span>
     <span class='ocr_line' id='line_1_16' title="bbox 341 2590 1454 2677; baseline -0.002 -21"><span class='ocrx_word' id='word_1_120' title='bbox 341 2612 475 2677; x_wconf 70' lang='lat' dir='ltr'><strong>operam,</strong></span> <span class='ocrx_word' id='word_1_121' title='bbox 499 2613 594 2676; x_wconf 86' lang='lat' dir='ltr'><strong>qnam</strong></span> <span class='ocrx_word' id='word_1_122' title='bbox 619 2594 651 2655; x_wconf 92' lang='lat' dir='ltr'><strong>in</strong></span> <span class='ocrx_word' id='word_1_123' title='bbox 676 2593 726 2656; x_wconf 90' lang='lat' dir='ltr'><strong>his</strong></span> <span class='ocrx_word' id='word_1_124' title='bbox 750 2592 924 2656; x_wconf 89' lang='lat' dir='ltr'><strong>scribendis</strong></span> <span class='ocrx_word' id='word_1_125' title='bbox 944 2592 1093 2675; x_wconf 75' lang='lat' dir='ltr'><strong>impendi,</strong></span> <span class='ocrx_word' id='word_1_126' title='bbox 1117 2610 1180 2654; x_wconf 89' lang='lat' dir='ltr'><strong>non</strong></span> <span class='ocrx_word' id='word_1_127' title='bbox 1203 2593 1323 2654; x_wconf 76' lang='lat' dir='ltr'><strong>irritam</strong></span> <span class='ocrx_word' id='word_1_128' title='bbox 1346 2590 1454 2656; x_wconf 89' lang='lat' dir='ltr'><strong>fuisse.</strong></span> 
     </span>
    </p>
   </div>
   <div class='ocr_carea' id='block_1_3' title="bbox 0 0 1685 5116">
    <p class='ocr_par' dir='ltr' id='par_1_3' title="bbox 0 0 1685 5116">
     <span class='ocr_line' id='line_1_17' title="bbox 0 0 1685 5116; baseline 0 0"><span class='ocrx_word' id='word_1_129' title='bbox 0 0 1685 5116; x_wconf 95' lang='lat' dir='ltr'><strong> </strong></span> 
     </span>
    </p>
   </div>
  </div>
 </body>
</html>
