3364 5118
767 612 785 674 5

218 822 274 903 qui
298 820 410 884 Silium
429 822 572 905 ineptum
592 821 761 902 hominem,
779 819 951 903 inficetum,
963 841 999 884 ac
1011 821 1179 885 ridiculum
1193 826 1284 886 vocat
1296 821 1328 902 1).

259 945 347 1010 Haeo
369 947 432 1011 duo
457 947 601 1030 exempla
624 947 699 1010 satis
722 945 856 1029 probant
877 965 937 1028 me,
959 947 993 1010 in
1017 949 1325 1030 utramquepartem

215 1073 336 1156 peccari
359 1074 561 1155 iudicantem,
583 1078 666 1138 recte
696 1072 820 1137 vidisse.
844 1072 978 1156 Veritas,
1001 1077 1037 1136 ut
1055 1073 1119 1137 fere
1142 1092 1273 1156 semper,
1291 1075 1326 1136 in
1382 1111 1385 1118 -
1412 1127 1415 1130 .

215 1200 322 1294 medio¹
356 1201 415 1264 sita
448 1203 504 1281 est,
535 1219 640 1282 neque
670 1198 805 1262 multum
828 1219 847 1261 a
869 1202 953 1262 recto
976 1198 1093 1261 iudicio
1117 1198 1225 1262 abesse
1248 1199 1327 1262 mihi

214 1324 340 1388 videtur
373 1323 514 1408 Ruperti,
550 1325 605 1408 qui
635 1325 668 1387 in
700 1322 963 1387 commentatione
987 1323 1025 1387 de
1049 1324 1113 1386 vita
1136 1327 1166 1387 et
1188 1325 1326 1388 carmine

214 1447 292 1529 Silii,
314 1453 423 1531 potitae
448 1448 558 1512 tribuit
581 1467 656 1512 sane
679 1447 820 1511 debitum
844 1447 1005 1524 honorem,
1030 1452 1062 1510 at
1085 1448 1226 1512 eiusdem
1249 1449 1326 1512 vitia

214 1577 319 1637 tamen
342 1573 426 1637 haud
450 1574 635 1638 dissimulat.

259 1697 416 1781 Quaestio,
450 1705 556 1763 utrum
589 1699 658 1764 Silii
688 1705 799 1783 poema
823 1701 864 1763 sit
885 1699 979 1782 Epos,
1002 1719 1043 1761 an
1065 1704 1176 1782 poema
1198 1699 1324 1763 histori-

215 1842 291 1905 cam,
322 1844 360 1886 an
398 1826 444 1902 (ut
473 1824 600 1889 Ernesti
628 1822 753 1908 vultu)
779 1844 864 1888 mera
886 1819 1023 1895 ἐπίδειξις
1048 1825 1115 1887 sive
1139 1823 1322 1888 declamatio

213 1949 376 2030 rhetorica,
412 1969 430 2012 a
461 1951 619 2032 proposito
654 1968 724 2012 meo
759 1968 889 2032 prorsus
923 1949 1024 2012 aliena
1054 1952 1118 2022 est3
1149 1949 1183 2010 in
1210 1948 1269 2011 hac
1290 1968 1323 2012 re

214 2095 309 2139 suum
333 2077 468 2159 quisque
491 2076 645 2139 iudicium
669 2080 827 2158 sequatur.
851 2073 921 2137 Hoc
944 2078 1068 2137 tantum
1091 2073 1205 2137 addere
1226 2074 1323 2157 lubet,

212 2219 399 2283 persuasum
423 2201 503 2263 mihi
527 2219 604 2282 esse,
628 2199 740 2263 Silium
761 2201 795 2262 in
814 2199 895 2263 bello
914 2198 1036 2262 Punico
1049 2197 1194 2262 Secundo
1207 2199 1322 2265 descri-

211 2325 313 2389 bendo
344 2326 474 2389 minime
504 2325 536 2388 id
559 2329 682 2388 tantum
705 2324 815 2408 egisse,
838 2328 874 2386 ut
897 2323 1070 2387 doctrinam
1095 2325 1322 2409 scientiamque

210 2470 284 2534 prae
314 2470 348 2515 se
377 2450 481 2525 ferret,
509 2451 565 2514 sed
597 2450 697 2513 multo
720 2451 821 2533 magis
844 2469 880 2512 ea
903 2450 1026 2512 ratione
1048 2449 1220 2513 adductum
1244 2468 1321 2533 esse,

210 2582 247 2641 ut
276 2577 423 2660 aequales
448 2595 531 2657 suos,
554 2577 648 2659 longa
672 2577 823 2639 servitute
847 2576 1050 2658 degeneratos
1073 2579 1168 2658 atque
1192 2595 1321 2659 corrup-

209 2706 266 2780 tos,
299 2702 466 2785 praeclaris
502 2702 654 2764 maiorum
687 2700 778 2764 factis
809 2720 905 2782 quam
929 2701 1135 2764 viridissimis
1160 2701 1318 2765 coloribus

209 2829 348 2913 depictis,
370 2829 410 2891 ad
432 2828 674 2891 aemulationem
696 2826 879 2890 stimularet.
904 2825 1003 2890 Cuius
1028 2828 1200 2890 sententiae
1224 2829 1320 2910 parti·

209 2957 294 3039 cipes
323 2973 391 3018 esse
421 2954 512 3017 video
544 2949 777 3035 Oosackium3),
808 2951 962 3016 Kererum
977 2951 1009 3035 4),
1033 2957 1064 3016 et
1086 2951 1274 3035 Rupertium
1289 2953 1319 3033 ⁵).

208 3079 336 3143 Maioris
349 3081 508 3155 momenti,
521 3080 639 3161 opinor,
652 3078 830 3161 disquisitio
844 3083 900 3160 est,
912 3082 1020 3141 utrum
1033 3077 1109 3141 Silio
1121 3077 1210 3159 fides,
1223 3097 1319 3160 quam

208 3205 352 3286 dicimus,
375 3205 523 3268 historica
544 3202 753 3266 abiudicanda
776 3204 817 3266 sit
836 3221 944 3284 necue,
965 3207 996 3266 et
1009 3201 1125 3285 quibus
1138 3203 1319 3266 auctoribus

207 3331 406 3413 potissimum
432 3348 487 3412 pro
512 3327 654 3392 fontibus
677 3334 707 3391 et
731 3328 884 3410 exemplis
906 3347 986 3391 usus
1010 3329 1058 3391 sit.
1083 3330 1127 3391 At
1150 3329 1188 3392 de
1212 3347 1318 3392 exem-

207 3457 267 3540 plis
299 3456 427 3539 quidem
454 3456 529 3518 satis
553 3458 675 3518 constat
698 3453 811 3517 Silium
834 3455 1002 3538 praecipue
1026 3453 1201 3537 Vergilium
1224 3459 1319 3537 atque

207 3579 383 3646 Homerum
428 3581 527 3662 sequi,
569 3598 704 3662 quorum
747 3579 850 3656 verba,
893 3581 1149 3662 comparationes
1192 3599 1317 3644 omnem

208 3706 345 3789 denique
362 3710 509 3769 ornatum
528 3706 687 3789 politicum
706 3705 815 3768 multis
834 3705 912 3769 locis
932 3705 971 3767 ad
990 3703 1121 3769 verbum
1137 3705 1202 3770 fere
1214 3707 1318 3789 expri-

238 3975 265 4040 l)
284 3976 368 4026 Essais
385 3976 416 4026 de
431 3976 540 4040 critique
555 3991 600 4025 sur
614 3977 639 4026 la
653 3975 796 4026 litterature
805 3975 928 4026 ancienne
936 3979 962 4025 et
971 3975 1099 4038 moderna,
1109 3974 1317 4026 anseromiae.

239 4058 266 4132 2)
285 4067 434 4131 Disquisitio
450 4069 481 4117 de
498 4067 617 4118 Carmine
634 4067 737 4129 Siliano,
753 4083 809 4132 pag.
826 4066 866 4119 at.

238 4157 265 4223 3)
284 4159 386 4222 Cosack,
404 4158 570 4218 Quaestiones
586 4158 703 4208 Silianae.
722 4158 800 4208 Halis.
822 4157 893 4222 1844,
910 4173 963 4224 pag.
981 4157 1022 4208 15.

239 4250 266 4314 4)
285 4245 372 4313 Kerer,
389 4249 471 4300 Ueber
488 4251 528 4300 dic
545 4250 732 4314 Abhingigkeit
748 4251 792 4300 des
808 4249 885 4299 Silius
902 4250 1006 4300 Italicus
1023 4264 1073 4299 von
1090 4249 1184 4312 Livius
1202 4264 1257 4318 pag.
1277 4248 1300 4299 7.

241 4341 267 4406 5)
287 4342 473 4395 commentatio
489 4343 521 4392 de
542 4343 595 4397 vita
611 4347 637 4399 et
654 4342 767 4400 carmine
784 4341 846 4412 Silii¹
864 4357 920 4413 pag.
937 4341 979 4392 29.
