3360 5116
794 573 832 634 77

247 780 281 842 in
319 781 427 844 vicum
462 782 566 865 ipsum
603 779 728 845 Cannas
764 780 990 865 perfugcrunt’'
1025 781 1063 845 de
1095 780 1185 845 urbis
1219 780 1365 864 reliquiis

249 905 432 989 accipienda
467 910 550 969 sunt.
586 905 742 985 Ceterum,
774 912 939 990 utcunque
969 926 1020 970 res
1037 915 1120 970 'sese
1142 906 1245 988 habet,
1270 927 1365 990 quam

248 1029 327 1094 falso
350 1030 581 1112 Heynacherus
605 1034 728 1114 sentiat,
751 1052 843 1096 nemo
864 1052 937 1115 non,
957 1034 1077 1117 opinor,
1088 1031 1179 1096 facile
1190 1033 1365 1116 perspiciet.

292 1155 450 1220 Venimus
463 1157 512 1219 ad
530 1157 682 1241 prodigia,
694 1157 857 1222 funestum
870 1157 982 1241 proelii
994 1160 1116 1222 exitum
1129 1157 1347 1240 portendentia
1359 1180 1366 1235 ;

250 1280 289 1344 ad
311 1281 398 1345 hunc
421 1281 527 1346 locum
550 1282 837 1367 Heynacherus1):
865 1282 979 1364 „Nach
999 1283 1096 1348 Silius
1114 1283 1203 1347 VlH.
1224 1284 1287 1346 625
1307 1283 1366 1346 fin-

248 1405 308 1472 den
338 1408 389 1471 die
412 1407 659 1491 ungliiclrlichen
680 1407 818 1472 Zeichen
840 1411 885 1472 im
908 1408 1010 1493 Lager
1032 1429 1090 1473 vor
1112 1408 1238 1473 Cannae
1262 1408 1362 1484 Statu

247 1532 328 1595 nach
350 1531 462 1596 Livius
485 1531 603 1596 XXII.-
622 1533 662 1596 36
685 1534 836 1616 gestehen
859 1535 906 1598 sio
927 1535 962 1598 in
981 1533 1062 1598 Rom
1083 1535 1150 1604 und
1170 1534 1366 1618 Umgegend,

249 1657 346 1722 bcvor
376 1659 426 1722 die
459 1678 563 1723 neuen
585 1657 746 1742 Legionen
770 1660 964 1724 ausriicken:
990 1659 1087 1724 Silius
1110 1660 1230 1724 erziihlt
1253 1661 1366 1724 wiede-

248 1803 321 1846 rum
343 1804 424 1868 ganz
448 1783 563 1848 andere
586 1783 729 1866 Zeiohen,
754 1785 814 1848 wie
837 1783 979 1848 Livius.''
1003 1783 1088 1859 Quid
1111 1784 1150 1849 de
1170 1785 1230 1848 hac
1248 1804 1282 1849 re
1296 1805 1366 1850 scn-

250 1909 392 1973 tiendum
431 1911 481 1991 sit,
516 1911 641 1993 copiose
675 1908 821 1973 Bauerus
835 1907 858 1992 ²)
893 1911 1048 1994 exposuit.
1085 1910 1292 1994 Undeviginti
1326 1931 1366 1975 ex

249 2036 401 2119 prodigiis
430 2055 448 2098 a
475 2034 552 2098 Silio
584 2036 718 2099 narratis
750 2035 843 2119 longe
875 2037 1048 2099 maximam
1078 2041 1197 2119 partem
1229 2041 1260 2100 et
1281 2031 1366 2120 opud
1432 2073 1433 2078 κ

251 2160 329 2224 ulios
352 2161 528 2245 scriptores
552 2165 588 2224 ut
613 2160 750 2242 Livium,
773 2160 960 2245 Vergilium,
983 2160 1159 2225 Homerum
1184 2166 1254 2226 cett.
1277 2181 1365 2259 repe·

249 2287 358 2349 rimus.
402 2284 495 2361 Quod
530 2306 622 2370 porro
657 2287 741 2369 dicit,
775 2288 852 2351 haec
885 2287 1028 2371 prodigia
1063 2287 1147 2371 apud
1181 2286 1295 2351 Silium
1330 2289 1364 2349 in

249 2414 370 2494 castris,
400 2413 485 2497 apud
513 2411 641 2476 Livium
665 2411 784 2476 Romae
807 2413 966 2486 accidisse,
992 2413 1193 2477 vehementer
1216 2418 1305 2476 errat.
1331 2412 1365 2476 Si

248 2538 466 2622 prodigiorum
485 2540 598 2602 seriem
617 2540 804 2622 inspexeris,
825 2537 947 2602 videbis
967 2539 1130 2622 complura
1149 2558 1190 2602 ex
1203 2538 1273 2602 aliis
1286 2537 1364 2601 locis

249 2664 395 2727 nuntiata
429 2681 507 2745 esse,
543 2668 579 2726 ut
613 2683 658 2726 vs.
691 2663 771 2726 642:
804 2662 967 2727 Gallorum
990 2665 1051 2727 visi
1075 2663 1178 2727 bustis
1201 2681 1365 2747 erumpere

178 2837 179 2842 η
250 2807 368 2852 manes.
392 2788 472 2859 643:
495 2787 625 2871 Tarpeia
646 2807 742 2872 rupes
764 2789 901 2853 tremuit.
927 2788 1007 2851 646:
1032 2788 1180 2852 lacrimae
1198 2787 1365 2852 fluxerunt

250 2912 352 2997 effigie
376 2911 512 2987 Quirini.
538 2912 618 2974 647:
642 2913 728 2976 Allia
751 2914 866 2977 extulit
889 2933 923 2978 se
941 2915 1026 2997 ripis.
1040 2913 1120 2977 648:
1134 2914 1233 2997 Alpes
1247 2933 1365 2977 concu-

249 3039 382 3101 tiuntur.
397 3037 491 3100 653:
516 3037 641 3101 Montes
663 3038 767 3102 Aetna
790 3043 821 3102 et
845 3039 1008 3102 Vesuvius
1031 3040 1121 3122 ignes
1145 3043 1364 3123 contorquent.
1493 3102 1495 3106 ,

293 3164 345 3227 Ad
375 3163 471 3228 finem
503 3165 576 3228 veni
600 3163 764 3248 librorum,
787 3185 867 3249 quos
891 3165 1070 3229 tractandos
1093 3166 1171 3228 mihi
1193 3183 1366 3248 proposue-

248 3310 326 3373 ram,
357 3292 412 3374 qui
430 3310 479 3379 eo
508 3291 675 3375 praecipue
697 3310 810 3375 graves
833 3292 910 3354 mihi
934 3291 1132 3374 videbantur,
1159 3291 1244 3375 quod
1267 3292 1302 3354 in
1325 3291 1365 3354 iis

249 3416 338 3480 Fabii
362 3417 548 3480 dictaturam
573 3417 737 3501 descripsit
759 3422 859 3500 poeta.
882 3417 1113 3498 Heynacherus
1136 3419 1220 3506 enim
1240 3417 1273 3479 id
1292 3417 1365 3500 agit,

251 3549 287 3608 ut
319 3543 430 3629 probet
465 3564 482 3609 o
515 3543 612 3608 Fabio
647 3544 771 3608 Pictore
804 3546 873 3628 ipso
904 3546 955 3608 vel
985 3564 1027 3609 ex
1057 3545 1127 3627 alio,
1152 3545 1208 3628 qui
1230 3543 1365 3607 Fabium
1441 3513 1443 3518 ,

251 3673 380 3732 secutus
403 3669 452 3749 sit,
475 3686 580 3751 neque
607 3667 736 3732 olivio
759 3671 923 3733 materiam
946 3688 1037 3733 suam
1060 3668 1174 3733 Silium
1197 3669 1365 3752 depromp-

251 3795 337 3858 sisse.
371 3792 508 3857 Inlerest
537 3794 635 3876 igitur
666 3795 818 3877 omnium,
843 3795 899 3878 qui
921 3769 1046 3858 mecum
1071 3795 1212 3858 sentiunt
1235 3791 1363 3856 Livium

250 3923 322 3983 ante
363 3936 473 3982 omnes
514 3917 634 3982 fontem
675 3919 922 4003 exemplumque
957 3919 1033 3982 'Silii
1068 3917 1251 3982 habendum
1286 3936 1364 4000 osse,

281 4224 309 4289 l)
328 4226 414 4292 Progr.
432 4242 454 4277 c.
471 4224 488 4277 6
504 4227 517 4292 ἓ
533 4224 558 4276 3.

283 4315 310 4381 2)
328 4332 353 4381 p.
369 4315 477 4367 tlt-at.
