3360 5116
908 565 950 628 80

380 778 464 838 runt
486 773 603 838 Paucis
626 775 719 837 aunis
740 778 822 854 ante,
844 792 927 836 anno
953 773 1047 854 1867,
1067 774 1101 834 in
1117 778 1350 856 programmate
1362 773 1495 837 Scholae

379 899 673 964 Luisenstadienses
718 898 989 979 „Emendat-iones
1031 897 1186 961 Silianas”
1223 897 1400 981 publicavit
1434 897 1495 959 Vir
1527 911 1529 918 ·

259 1094 262 1101 ,
380 1024 593 1090 Doctissimus
621 1024 662 1088 H.
691 1023 845 1105 Blassius
876 1025 941 1106 qui,
970 1023 1114 1086 editurus
1144 1027 1248 1086 totum
1272 1021 1342 1086 Silii
1366 1041 1493 1085 carmen

381 1153 465 1215 uotis
506 1153 622 1214 criticis
663 1152 865 1230 instructum,
910 1155 1011 1212 morte
1051 1151 1222 1212 immatura
1256 1148 1408 1232 abreptus
1441 1154 1498 1212 est

382 1275 493 1358 Ceteri,
516 1277 573 1359 qui
595 1276 635 1339 de
657 1275 773 1339 Nostro
797 1275 1000 1357 scripserunt,
1022 1275 1152 1337 nonnisi
1169 1274 1209 1337 de
1227 1273 1370 1337 fontibus
1390 1292 1499 1336 exem-

381 1403 507 1486 plisque
541 1404 611 1466 eius
641 1407 782 1485 egerunt
817 1406 853 1464 ut
883 1421 980 1484 supra
1011 1401 1167 1480 vidimus3
1192 1399 1366 1464 Oosaclrius
1396 1420 1498 1464 unum

382 1533 507 1591 tantum
540 1527 657 1607 locum,
691 1527 748 1609 qui
782 1531 950 1609 corruptus
975 1527 1005 1589 ei
1028 1525 1203 1607 videbatur,
1227 1544 1340 1590 sanare
1364 1530 1499 1588 conatus

382 1657 430 1715 est
443 1652 475 1733 ¹).
498 1651 620 1735 legens
644 1670 680 1713 ao
701 1651 844 1733 relegens
867 1649 937 1714 Silii
958 1650 1056 1714 libros
1078 1651 1250 1715 nonnullos
1275 1651 1362 1714 locos
1379 1651 1499 1731 inveni,

384 1778 440 1859 qui
464 1779 604 1860 corrupti
627 1777 705 1839 mihi
727 1775 923 1840 videbantur.
946 1775 1089 1839 Fuerunt
1112 1782 1143 1840 et
1166 1777 1235 1859 loci,
1253 1797 1334 1860 quos
1354 1775 1498 1840 Draken-

383 1901 540 1978 borchius‚
569 1900 787 1984 Heinsiusque
819 1907 851 1965 et
879 1901 933 1964 aiii
956 1921 1068 1964 sanare
1089 1903 1194 1964 conati
1218 1907 1335 1983 essent,
1359 1921 1498 1985 quorum

383 2029 591 2110 coniecturae,
625 2029 772 2111 quamvis
801 2028 1055 2092 evidentissimae
1086 2029 1165 2090 mihi
1192 2028 1369 2109 videantur,
1391 2033 1499 2091 tamen

383 2174 402 2216 a
435 2153 662 2218 recentioribus
697 2152 879 2216 Editoribus
912 2154 946 2214 in
980 2158 1105 2216 textum
1139 2172 1205 2216 non
1238 2157 1381 2236 receptae
1412 2157 1498 2215 sunt

382 2277 507 2343 Horum
530 2280 673 2342 locorum
697 2278 869 2342 nonnullos
892 2278 1012 2362 collegi,
1036 2298 1126 2362 quos,
1149 2279 1255 2342 addita
1284 2280 1413 2352 ratione,
1434 2299 1500 2361 qua

382 2404 918 2483 sanarieosexistim0,1ectomm
942 2403 1060 2466 iudicio
1084 2403 1228 2467 subicere
1249 2405 1284 2466 in
1308 2405 1414 2466 animo
1441 2409 1499 2484 est

383 2551 448 2614 qua
480 2549 514 2596 re
548 2530 648 2593 labori
682 2547 753 2592 meo
787 2527 860 2591 finis
895 2529 1084 2611 imponatur.
1114 2527 1239 2612 Negare
1270 2529 1403 2592 minime
1425 2529 1499 2592 volo

382 2656 484 2719 multo
513 2655 621 2739 plures
650 2672 719 2718 esse
748 2654 843 2735 locos,
865 2655 921 2737 qui
948 2654 1115 2737 scrupulos
1140 2654 1218 2716 mihi
1240 2655 1416 2736 inficerent,
1440 2654 1498 2717 sed

384 2780 502 2864 quibus
537 2786 592 2844 aut
629 2781 757 2843 omnino
790 2780 912 2843 nullam
943 2784 999 2843 aut
1021 2780 1223 2844 audaciorem
1245 2784 1368 2843 tantum
1393 2798 1501 2844 emen-

384 2907 480 2970 dandi
509 2875 663 2970 rationem
693 2907 836 2972 invenire
866 2923 1001 2989 possem.
1030 2905 1127 2989 Spero
1156 2906 1224 2970 fore
1249 2912 1284 2970 ut
1306 2926 1383 2970 cura
1406 2928 1425 2970 a
1447 2927 1500 2971 me

382 3033 417 3095 in
451 3031 510 3094 hac
542 3049 577 3094 re
606 3030 755 3112 adhibite,
784 3031 904 3113 aliquid
935 3031 1055 3113 saltem,
1084 3033 1185 3115 prosit
1214 3032 1254 3095 ad
1278 3033 1432 3116 quosdam
1457 3052 1500 3096 ex

384 3156 618 3221 obscurissimis
639 3157 950 3239 corruptissimisque
973 3155 1043 3220 Silii
1062 3156 1141 3221 locis
1163 3157 1379 3223 illustrandos.

427 3400 481 3465 Sil.
504 3400 545 3463 Π.
571 3402 643 3464 573.
666 3401 763 3465 Furia
783 3403 818 3464 iu
839 3401 997 3466 Tiburnae
1020 3408 1121 3467 morte
1139 3402 1241 3466 Murri
1259 3404 1411 3468 viduatae
1429 3423 1500 3488 spe-

385 3528 465 3590 ciem
499 3545 660 3608 conversa,
689 3526 881 3611 Saguntinos
912 3528 1104 3610 adhortatur,
1130 3534 1168 3593 ut
1196 3534 1297 3592 morte
1319 3529 1502 3594 voluntaria

386 3657 544 3716 aeternam
568 3628 762 3716 servitutem·
776 3652 936 3736 effugiant.

496 3774 649 3859 Carthago
672 3776 824 3860 adspiciet
845 3779 970 3859 victrirr,
992 3779 1185 3862 tandemque
1207 3799 1393 3864 supremum

496 3900 596 3965 Nocte
619 3900 704 3965 obita
725 3900 844 3983 Libyae
866 3905 986 3988 gremio
1008 3906 1132 3988 captiva
1153 3904 1270 3968 iacebo,
