3364 5118
896 590 937 652 30

292 869 296 878 ¹
403 797 456 861 Ex
489 797 608 882 Apulia
640 798 674 859 in
704 796 908 881 Campaniam
937 799 1108 883 profectus,
1131 801 1269 884 primum
1299 800 1335 862 in
1367 817 1477 882 agrum

359 922 528 986 Falernum
554 923 697 1006 pervenit
721 924 776 1004 (vs.
804 923 887 1006 159),
911 926 967 1007 qui
996 944 1096 1007 quum
1120 926 1187 986 vini
1210 926 1308 988 unius
1333 925 1477 987 omnium

360 1049 596 1134 generosissimi
617 1046 701 1111 fama
722 1048 856 1131 floreret,
877 1051 1041 1114 occasione
1066 1050 1169 1114 oblata
1190 1055 1282 1133 poeta
1304 1051 1351 1112 uti
1376 1050 1479 1134 potuit
1578 1133 1580 1136 Ι
1662 1079 1663 1120 ;

362 1174 537 1238 adrerum
568 1179 728 1259 gestarum
759 1177 973 1239 narrationem
995 1194 1082 1239 more
1107 1195 1165 1239 suo
1190 1175 1386 1259 digressione
1408 1193 1477 1254 my-

361 1300 518 1384 thologioa
541 1300 806 1384 distinguendam.
826 1298 911 1376 Quid
930 1301 1015 1364 enim
1029 1302 1132 1384 magis
1145 1305 1392 1364 consentaneum
1406 1301 1480 1379 erat,

363 1446 458 1510 quam
491 1432 528 1489 ut
561 1431 592 1490 et
621 1427 689 1508 ipsa
718 1424 787 1488 looa
817 1426 880 1508 illa,
904 1425 942 1489 ab
975 1426 1124 1490 omuibus
1148 1426 1213 1490 fere
1235 1427 1336 1509 potitis
1358 1424 1480 1488 Latinis

363 1550 540 1635 magnificis
568 1550 675 1615 verbis
705 1550 861 1615 celebrata
874 1549 906 1634 ¹),
935 1553 1096 1616 mentione
1125 1551 1211 1615 haud
1233 1550 1365 1634 indigna
1388 1551 1480 1613 aesti-

364 1681 471 1741 maret
502 1676 655 1760 Sequitur
683 1676 773 1741 locus
796 1678 834 1741 de
857 1679 924 1741 vini
946 1679 980 1741 in
1002 1677 1173 1761 Campania
1193 1677 1337 1741 cultiuae
1360 1677 1481 1760 origine

365 1802 437 1882 (vss.
463 1800 667 1882 162-211):

409 1928 518 1990 Aureo
553 1946 629 1991 aevo
663 1926 817 1991 Falernus
848 1928 977 2010 quidam
1008 1929 1085 1992 haee
1113 1928 1182 1991 loca
1205 1925 1374 2009 habitabat,
1396 1926 1481 2010 apud

367 2071 462 2135 quem
497 2051 650 2133 Bacchus,
682 2053 823 2116 humana
855 2051 956 2116 forma
986 2053 1128 2135 indutus
1160 2051 1302 2116 devertit
1332 2049 1420 2115 Deus
1443 2049 1481 2113 ab

366 2177 494 2241 homine
518 2195 656 2260 paupere
679 2196 784 2261 neque
807 2183 913 2242 tamen
936 2178 1119 2262 inhospitali
1142 2197 1268 2242 summa
1289 2177 1482 2262 benignitate

367 2303 533 2386 excipitur,
556 2305 649 2367 cuius
671 2305 717 2366 rei
739 2308 776 2367 ut
800 2303 928 2387 dignam
948 2305 1083 2388 gratiam
1101 2302 1239 2384 referret,
1258 2303 1333 2366 vitis
1352 2319 1484 2366 munere

369 2446 442 2491 eum
465 2428 568 2492 donat.

412 2553 505 2618 Unde
527 2554 625 2617 huius
644 2555 832 2618 narrationis
856 2560 886 2619 91
909 2556 1072 2619 materiam
1092 2559 1123 2618 et
1140 2553 1275 2618 formam
1296 2553 1357 2618 sibi
1376 2573 1483 2635 sump

369 2681 452 2762 serit,
482 2698 576 2743 nemo
608 2700 672 2744 non
705 2681 864 2765 extemplo
893 2681 1049 2765 intelligit.
1080 2680 1201 2745 Fabula
1231 2682 1398 2744 notissima
1429 2685 1485 2762 est,

369 2827 467 2891 quam
500 2813 747 2872 commemorant
779 2808 1001 2896 Apollodorus
1033 2814 1064 2872 et
1093 2827 1133 2872 ex
1164 2806 1316 2870 Romanis
1339 2806 1484 2871 Tibullus

369 2938 400 2998 91
421 2933 581 3017 Hyginus.

414 3058 626 3143 Apollodorus
656 3058 681 3122 Ι.
711 3061 740 3122 8.
774 3060 790 3121 i
825 3058 925 3132 Οἰνεὺς
948 3058 989 3131 δὲ,
1015 3055 1178 3135 βασιλεύων
1202 3057 1381 3130 Κολυδῶνος,
1407 3055 1487 3137 ποορᾶο

373 3182 509 3248 Διονύσου
532 3184 625 3265 φυτὸν
646 3182 785 3261 οὶμπέλοο
808 3188 916 3264 πρῶτος
940 3182 1045 3260 ἔλοοβε.
1070 3271 1074 3274 -

416 3312 461 3376 ld.
484 3311 541 3375 ΙΠ.
567 3313 616 3374 14.
642 3313 659 3373 7
684 3311 734 3390 ἐφ’
758 3305 789 3375 οὖ
813 3312 889 3393 (scil.
914 3311 1097 3393 Pandionis)
1120 3309 1264 3389 Δημήτηρ
1284 3307 1336 3373 aori
1355 3307 1488 3379 Διόνυσος

371 3438 411 3511 οἷς
433 3438 486 3513 τῂν
508 3435 649 3509 Ἀττικὴν
672 3431 872 3514 intrudatis
897 3437 1043 3515 Δήμητοοο
1063 3436 1117 3513 μὲν
1138 3434 1241 3507 Κελεὸς
1261 3435 1300 3507 εἷς
1321 3434 1488 3507 τῆνἜλεο-

373 3571 442 3629 οἶνοι
475 3560 643 3638 ὑπεδέξατο,
677 3561 811 3628 Διόνυσον
842 3564 868 3627 δ’
901 3561 1028 3644 Ἰκάριος,
1053 3560 1105 3626 aa}
1130 3560 1281 3640 λοομβοὶνεο
1305 3562 1374 3642 παρ’
1399 3561 1489 3624 αὐτοῦ

373 3697 478 3768 κλῆμοο
501 3687 647 3767 aprino.

408 4075 436 4141 1)
455 4076 489 4144 Ut
506 4091 537 4126 ex
553 4075 681 4125 immensa
695 4075 809 4124 locorum
825 4072 896 4136 eopia
913 4085 1006 4135 pancos
1022 4070 1134 4134 afferam,
1153 4071 1222 4120 vide:
1241 4068 1334 4120 Catuli.
1349 4065 1389 4118 17.
1399 4057 1493 4119 Tibull.
1542 4101 1554 4126 .

377 4170 398 4221 Ι.
414 4168 444 4234 9·,
462 4169 494 4219 11.
516 4168 603 4232 13111.
622 4165 652 4230 63
670 4166 783 4231 Propert.
800 4165 845 4215 lll.
863 4159 909 4227 33;
923 4163 956 4214 .V.
973 4161 998 4228 6,
1016 4163 1102 4214 Horat.
1121 4162 1207 4213 Carm.
1226 4163 1245 4212 1.
1262 4158 1492 4226 10;1(1.17;ΙΙ.3;

378 4263 441 4330 Epp.
463 4261 487 4327 1,
510 4261 592 4328 Satyr.
616 4261 634 4310 l.
655 4257 686 4311 10
692 4274 699 4321 ;
716 4259 747 4309 ll.
765 4257 845 4308 1911.
863 4257 942 4320 Epist.
960 4257 979 4306 Ι.
1000 4255 1039 4320 11,
1056 4260 1082 4306 91
1099 4255 1159 4306 alibi
1177 4255 1280 4320 passim.
1299 4253 1336 4304 Gi.
1355 4259 1381 4304 et
1398 4254 1494 4303 Athen.

379 4357 399 4406 1.
416 4357 457 4420 al,
473 4355 540 4405 Ρ111.
558 4354 622 4404 llist.
640 4352 699 4403 Nat.
716 4352 760 4402 lll.
778 4349 807 4412 93
827 4349 897 4400 XIV.
915 4347 940 4399 8.
