3364 5118
899 551 940 611 38

408 752 494 815 Num
519 753 666 816 credibile
693 760 749 836 est,
773 754 895 837 Silium,
918 757 945 819 si
964 775 1028 819 nou
1048 755 1175 818 Livium
1196 755 1252 819 sed
1270 755 1487 838 aliumquem

364 879 449 961 piam
462 882 620 941 auctorem
634 878 805 962 habuisset,
812 881 925 944 iisdem
937 881 1001 944 fere
1014 880 1131 964 quibus
1141 879 1269 944 Livium
1282 879 1386 944 verbis
1398 899 1489 944 usu-

364 1021 436 1064 rum
456 1000 580 1065 fuisse?
602 1001 719 1086 Restat,
737 1010 775 1068 ut
793 1006 903 1088 paucis
923 1004 1026 1069 verbis
1038 1005 1240 1086 Heynacheri
1251 1007 1487 1088 argumentum

366 1127 405 1189 de
424 1133 578 1208 11111111,
597 1147 692 1209 quam
712 1129 795 1212 dicit,
814 1128 903 1193 Fabii
918 1130 1038 1214 praedii
1059 1129 1267 1213 descriptione
1278 1128 1486 1212 redarguam.

367 1249 459 1326 Quod
488 1253 574 1316 unde
596 1256 787 1318 succurrerit
809 1257 847 1337 ei,
869 1274 934 1319 nen
957 1275 1115 1339 assequor.
1140 1255 1193 1318 Ex
1215 1253 1486 1338 praecedentibus

366 1376 442 1439 satis
477 1395 636 1460 superque
669 1384 804 1462 apparet,
837 1381 980 1443 notitiam
1014 1381 1101 1444 illam
1134 1380 1275 1443 locorum
1307 1381 1355 1462 (ut
1384 1378 1486 1442 nobis

366 1500 596 1582 Heynacherus
625 1503 815 1586 persuadere
845 1504 927 1588 vult)
951 1506 1080 1568 nonnisi
1109 1505 1296 1588 phantasma
1318 1505 1485 1587 poeticum

367 1645 444 1690 esse.
468 1625 616 1691 Conferas
639 1629 780 1692 eiusdem
802 1628 874 1692 libri
897 1650 959 1694 vss.
981 1630 1164 1711 162-211,
1183 1628 1299 1713 quibus
1318 1629 1393 1692 vitis
1412 1627 1486 1692 cul·

367 1756 457 1813 turae
489 1752 524 1813 in
565 1750 735 1835 Campania
767 1755 919 1836 originem
955 1754 1131 1838 magnificis
1163 1753 1269 1818 verbis
1302 1753 1486 1835 celebravit,

368 1881 464 1958 atque
497 1877 541 1939 ita
574 1877 728 1940 lectorum
764 1881 887 1943 animos
916 1881 949 1942 in
981 1898 1050 1943 eam
1073 1898 1140 1943 rem
1162 1881 1331 1963 praecipue
1354 1877 1483 1941 direxit

369 1999 454 2077 Quid
479 2003 577 2085 igitur
600 2005 726 2085 mirum,
749 2005 777 2067 si
799 2005 833 2067 in
856 2005 915 2067 hac
937 2005 1065 2088 regione
1087 2003 1177 2068 Fabii
1198 2003 1362 2087 praedium
1386 2001 1484 2065 collo·

369 2129 453 2190 cavit
465 2127 648 2211 vitibusque
660 2128 741 2212 illud
747 2132 904 2194 consitum
917 2129 1033 2194 finxit?
1046 2129 1143 2214 Apud
1153 2130 1301 2194 historiae
1313 2130 1484 2211 scriptores

370 2253 408 2316 de
441 2254 560 2337 praedii
593 2254 682 2318 Fabii
712 2258 777 2320 situ
806 2257 885 2319 nihil
914 2261 1043 2320 constat.
1074 2256 1243 2319 Poetarum
1269 2271 1342 2326 vero
1365 2258 1421 2331 est,
1444 2257 1484 2316 ut

368 2380 431 2442 iam
463 2380 602 2444 vidimus
632 2383 821 2465 saepiusque
852 2381 1039 2462 videbimus,
1062 2381 1167 2443 omnia
1197 2380 1339 2462 ahoquin
1361 2379 1484 2441 incerta

369 2506 463 2569 certis
485 2508 628 2589 personis
651 2506 793 2590 locisque
816 2509 984 2591 assignare.
1009 2504 1078 2580 Quo
1101 2504 1145 2585 fit,
1169 2506 1288 2588 opinor,
1311 2509 1347 2567 ut
1369 2507 1483 2588 arguta

369 2629 570 2710 Heynacheri
599 2633 780 2695 coniectura
810 2652 874 2695 non
898 2633 1004 2696 minus
1027 2629 1101 2694 ficta
1122 2647 1191 2694 esse
1215 2629 1360 2692 videatur
1384 2647 1482 2711 quam

224 2811 228 2822 .
265 2813 268 2819 .
370 2756 438 2839 ipsa
461 2755 529 2820 Silii
552 2757 590 2820 de
613 2757 735 2821 vitifero
759 2757 813 2821 illo
837 2777 911 2842 agro
938 2757 1083 2819 narratio.

415 2880 541 2965 Fabius,
575 2882 765 2947 Hannibalis
799 2883 944 2947 dolorum
980 2881 1040 2945 sibi
1075 2882 1231 2962 conscius,
1265 2900 1284 2943 a
1323 2879 1484 2963 proposita

371 3011 491 3073 ratione
525 3028 590 3072 non
624 3009 814 3073 deterretur:
845 3009 941 3071 trahit
971 3007 1098 3090 bellum,
1126 3011 1292 3088 castraque
1321 3005 1385 3068 huo
1405 3004 1483 3066 illuc

372 3135 608 3216 movetdonec
630 3136 757 3198 tandem
781 3135 887 3198 hostes
909 3133 1059 3197 includat.
1084 3131 1158 3213 (uss.
1183 3130 1376 3212 268-281).
1430 3227 1434 3233 1

304 3327 307 3334 ,
415 3260 572 3325 Brevibus
592 3260 697 3325 verbis
716 3266 807 3344 potita
818 3260 1036 3343 complectitur
1048 3262 1226 3321 accuratam
1237 3254 1320 3318 Livii
1332 3255 1483 3318 narratio-
1521 3274 1523 3279 ·

373 3408 454 3470 nem,
476 3389 531 3470 qui
549 3387 669 3450 factum
680 3389 729 3469 sit,
741 3395 777 3450 ut
788 3384 949 3449 Hannibal
960 3386 994 3447 in
1006 3383 1137 3448 insidias
1150 3381 1302 3444 inciderit.
1316 3379 1423 3443 Nihilo
1436 3398 1483 3443 se-

373 3517 442 3579 cius
464 3515 526 3577 loci
547 3514 713 3597 descriptio
733 3513 815 3596 apud
836 3511 948 3575 Silium
969 3510 1077 3574 eadem
1091 3513 1146 3590 est,
1159 3526 1241 3591 quae
1252 3507 1336 3590 apud
1346 3505 1483 3571 Livium.

417 3638 670 3703 Sil.V11.274:

485 3762 555 3838 Qua
579 3783 745 3827 nemorosa
767 3764 843 3847 iuga
867 3768 898 3826 et
919 3760 1078 3845 scopulosi
1101 3760 1218 3822 vertice
1241 3757 1335 3821 colles

484 3890 683 3974 Exsurgunt
707 3889 821 3953 clausit
844 3906 953 3972 sparsa
976 3886 1016 3949 ad
1038 3885 1173 3948 divortia
1196 3887 1309 3946 turma.

449 4053 454 4068 ·
484 4015 570 4079 Hinc
593 4013 837 4097 Laestrygoniae
861 4030 974 4074 saxoso
998 4013 1105 4073 monte
1126 4005 1310 4092 premebant

486 4143 517 4204 A
538 4145 626 4224 tergo
649 4158 754 4224 rupes,
776 4138 909 4201 undosis
933 4134 1077 4220 squalida
1099 4135 1191 4198 terris

486 4266 572 4330 Hinc
594 4262 721 4328 Literna
744 4263 851 4347 palus:
875 4299 916 4307 -
941 4298 991 4323 —.
