3364 5118
769 555 810 616 23

230 766 291 843 tur,
326 761 440 826 Silium
475 766 598 846 poetam
635 781 713 844 osse,
743 781 859 845 resque
889 782 908 825 a
938 760 1028 824 Livio
1053 762 1230 825 secundum
1252 761 1347 826 fidam

229 886 411 951 historicam
434 893 585 969 narratae,
608 893 774 971 poetarum
799 906 895 968 more,
915 887 1136 970 exemplisque
1155 886 1194 950 ab
1205 886 1347 951 Homero

229 1011 435 1096 Vergilioque
454 1013 639 1096 desumptis
660 1031 839 1089 exornasse,
858 1011 1067 1096 amplificasse
1085 1020 1181 1096 atque
1197 1013 1231 1074 in
1243 1013 1347 1075 maius

228 1137 368 1201 auxisse.
393 1135 477 1212 Quid
500 1157 593 1222 porro
620 1138 762 1221 plurium
786 1137 918 1201 deorum
941 1138 1196 1201 commemoratio
1216 1136 1255 1200 ad
1276 1155 1347 1200 sen-

228 1264 359 1326 tentiam
394 1263 644 1350 confirmandam
679 1263 787 1346 prosit
823 1281 888 1326 non
923 1281 1084 1345 assequor.
1119 1259 1218 1336 Quasi
1249 1261 1347 1326 Silius

228 1388 315 1452 huno
346 1408 517 1453 numerum
539 1391 625 1473 apud
649 1394 785 1453 veterem
814 1389 914 1470 illum,
938 1407 1034 1472 quem
1059 1388 1195 1451 somniat
1216 1387 1346 1468 Heyna-

228 1515 350 1597 chorus,
374 1515 537 1579 annalium
560 1516 747 1599 scriptorem
768 1515 936 1596 invenerit,
959 1534 996 1577 ac
1017 1533 1082 1577 non
1104 1515 1219 1598 potius=
1240 1515 1346 1577 omnia

227 1640 441 1723 amplificandi
471 1641 577 1705 studio
607 1641 760 1706 inductus
792 1642 980 1724 ascripserit.
1012 1639 1169 1724 Denique,
1193 1645 1347 1723 utsupra

229 1766 451 1849 demonstravi,
474 1766 649 1830 similitudo
678 1767 763 1829 inter
786 1765 901 1829 Silium
925 1766 1135 1848 laudatasque
1157 1764 1292 1829 Homeri
1315 1769 1347 1829 et

227 1891 362 1975 Vergilii
383 1891 469 1956 locos
492 1893 593 1955 maior
612 1897 668 1973 est,
688 1911 783 1975 quam
804 1897 840 1954 ut
860 1891 926 1954 ulla
944 1893 1067 1955 ratione
1079 1891 1219 1956 hocloco
1233 1891 1272 1955 de
1284 1891 1345 1954 alio

228 2015 323 2099 fonte,
347 2035 449 2100 eoque
472 2015 623 2099 Romanu
647 2018 785 2100 cogitare
808 2018 976 2099 possimus.

268 2141 342 2205 Vas.
365 2142 417 2224 88,
440 2142 483 2205 89
505 2142 638 2226 legitur:

312 2328 411 2392 Tanta
433 2329 521 2411 ade0,
545 2349 646 2412 quum
670 2348 720 2392 res
744 2328 894 2412 trepidae,
917 2329 1094 2392 reverentia
1115 2327 1237 2392 Divum

314 2455 472 2520 Nascitur.

267 2630 337 2694 Hos
367 2651 480 2695 versus
510 2630 660 2694 scribenti
692 2630 769 2695 Silio
799 2630 932 2695 fortasse
961 2630 1125 2695 obversata
1150 2635 1198 2695 est
1221 2630 1345 2694 Camilli

226 2757 324 2820 oratio
344 2756 429 2838 apud
452 2754 581 2819 Livium
595 2756 628 2837 ¹),
646 2757 680 2818 in
706 2777 770 2840 qua
792 2757 945 2841 legimus:
974 2758 1163 2838 „Advorsae
1175 2777 1225 2822 res
1238 2758 1345 2822 admo·

224 2893 366 2946 nuerunt
387 2878 596 2966 religionum'’
615 2888 646 2944 et
664 2881 731 2944 Liv.
756 2881 863 2944 XXV.
879 2883 905 2944 1.
925 2882 943 2943 6
972 2882 1077 2965 „quod
1097 2883 1219 2948 diutius
1240 2883 1343 2947 trahe

224 3007 318 3072 batur
347 3006 475 3089 bellum,
506 3012 537 3071 et
568 3006 732 3070 variabant
763 3008 922 3071 secundae
952 3008 1166 3091 adversaeque
1197 3027 1247 3072 res
1279 3027 1344 3071 non

223 3135 384 3198 fortunam
413 3135 513 3219 magis
537 3154 633 3217 quam
658 3135 780 3197 animos
804 3134 980 3213 hominum,
1005 3139 1092 3198 tanta
1116 3134 1226 3218 religio
1250 3140 1280 3198 et
1305 3152 1342 3197 ea

224 3281 340 3344 magna
369 3280 411 3325 ex
441 3266 529 3344 parte
559 3266 692 3324 externa
718 3260 877 3324 civitatem
900 3262 1038 3343 incessit,
1061 3266 1097 3324 ut
1120 3265 1176 3324 aut
1198 3261 1342 3324 homines

224 3392 279 3451 aut
301 3385 355 3449 Dii
377 3392 505 3470 repente
528 3387 583 3450 alii
604 3385 790 3449 viderentur
810 3384 913 3448 facti'’.

268 3511 321 3575 Sil.
345 3511 417 3574 Vll.
443 3511 492 3573 90.

311 3683 398 3748 Dum
421 3683 522 3747 Roma
545 3684 693 3766 antiquos
716 3681 842 3765 templis
864 3683 984 3745 indicat
1006 3682 1151 3764 honores

311 3809 379 3874 lam
402 3808 528 3890 Fabius
550 3810 645 3872 tacito
667 3807 841 3891 procedens
864 3809 998 3893 agmine.
1022 3813 1078 3872 etc.

268 3995 311 4060 Of.
335 4001 445 4060 contra
471 3995 539 4059 liv,
563 3993 671 4058 XXII.
697 3995 814 4076 9-11,
839 3996 895 4077 qui
917 3998 1023 4058 narrat
1044 3993 1178 4057 Fabium
1201 3996 1340 4077 primum

222 4188 367 4200 ...a-..—

256 4304 283 4370 1)
301 4304 330 4354 v.
348 4302 389 4354 51.
406 4302 430 4353 a.
