3364 5118
768 561 808 623 13

172 752 174 756 ¹
232 789 313 853 quae
330 771 481 855 inscripta
500 776 562 836 est:
586 769 711 852 „Ueber
723 771 773 835 die
783 770 1018 854 Abhttngigkeit
1030 770 1084 834 des
1098 770 1194 834 Silius
1206 769 1336 835 Italicus

230 914 292 958 von
325 894 466 979 Livius'’,
500 916 591 979 quae,
627 898 772 980 quamvis
803 897 971 980 diligenter
1000 898 1124 979 scripta,
1146 915 1211 959 uno
1240 915 1342 979 eoque

231 1021 370 1085 maximo
396 1022 511 1085 mendo
541 1021 661 1086 laborat
673 1023 706 1105 1),
728 1028 765 1086 ut
787 1024 994 1107 perexiguam
1019 1022 1069 1086 vel
1091 1023 1197 1105 potins
1220 1023 1340 1086 nullam
1405 1097 1409 1104 ⁸

209 1177 210 1182 κ
229 1146 383 1209 rationem
406 1147 519 1211 habeat
540 1147 740 1229 Heynacheri
763 1148 1054 1232 argumentationis,
1074 1149 1130 1230 qui
1150 1167 1206 1231 pro
1218 1148 1341 1231 integro

230 1289 266 1332 ac
296 1271 418 1336 sincero
449 1273 547 1335 animi
568 1273 695 1355 iudicia,
719 1292 782 1357 quo
804 1292 871 1336 rem
895 1291 987 1336 suam
1011 1273 1083 1355 egit,
1104 1273 1235 1336 minime
1259 1272 1341 1336 indi·

228 1415 313 1478 gnus
336 1401 392 1480 est,
415 1399 470 1480 qui
492 1400 686 1482 argumentIs
709 1398 871 1463 refutetur.

175 1601 177 1606 Ι
273 1520 439 1586 Praeterea
461 1527 492 1586 et
514 1524 547 1585 in
571 1523 631 1586 hcc
652 1521 792 1586 Kererus
814 1541 960 1605 peccasse
984 1522 1062 1584 mihi
1085 1521 1220 1604 videtur,
1245 1521 1341 1604 quod,

228 1649 266 1707 ut
294 1644 523 1727 Heynacherus
551 1649 586 1710 in
617 1647 764 1730 Scyllam,
794 1649 840 1711 sic
869 1649 937 1731 ipse
959 1649 993 1710 in
1018 1646 1198 1728 Charybdin
1220 1646 1339 1709 incidit.

171 1779 173 1783 “
228 1769 386 1834 Ardenter
416 1773 501 1835 enim
525 1772 689 1836 ostendere
711 1774 843 1856 cupiens
865 1773 987 1836 nullius
1009 1774 1146 1836 auctoris
1170 1773 1233 1836 nisi
1256 1770 1340 1835 Livii

228 1899 443 1962 auctoritatem
484 1901 518 1962 in
559 1900 697 1964 carmine
731 1900 896 1965 scribendo
932 1899 1047 1964 Silium
1081 1903 1226 1963 secutum
1260 1916 1339 1980 esse,

227 2025 407 2088 testimonia
431 2025 519 2089 affert
540 2026 637 2091 huius
660 2028 714 2109 rei,
739 2046 820 2111 quae
840 2006 1061 2090 fundamentis
1080 2027 1214 2090 minime
1235 2024 1337 2088 firmis

225 2150 338 2212 innixa
370 2151 526 2215 videntur.
563 2149 655 2227 Quod
688 2171 730 2216 ex
762 2152 811 2216 his
841 2152 1042 2235 potissimum
1074 2151 1151 2214 lonis
1188 2151 1338 2234 apparere

225 2275 347 2356 poterit,
371 2274 549 2359 dequibus
572 2277 682 2360 paucis
706 2277 865 2360 disputare
886 2278 950 2339 iam
971 2277 1068 2339 iuvat.

269 2399 303 2462 P.
330 2402 369 2463 12
394 2401 434 2465 ad
456 2401 509 2465 Sil.
532 2401 556 2464 I.
582 2402 662 2464 133:

398 2575 500 2640 Tertia
523 2579 579 2660 qui
601 2577 716 2640 tulerat
739 2576 884 2641 sublimis
908 2578 1011 2660 opima
1034 2575 1175 2658 Tonanti,

223 2751 279 2815 ubi
303 2757 432 2814 annotat
453 2750 609 2815 Kererus:
637 2750 767 2832 ,Ueber
786 2751 847 2814 den
867 2750 1099 2816 vcnRomulus
1112 2752 1330 2836 eingeft'rhrten

222 2875 359 2959 Brauoh,
383 2877 434 2940 die
456 2875 561 2959 Spolia
585 2877 689 2959 opima
712 2877 782 2940 dem
802 2875 944 2959 Iuppiter
963 2875 1121 2940 Feretrius
1141 2897 1182 2940 zu
1202 2879 1335 2960 weihen,

223 3002 374 3066 beriohtet
403 3000 469 3065 liv,
493 3001 517 3064 I.
542 3002 591 3064 10.
615 3002 642 3064 5.
667 3002 695 3083 6,
720 3021 767 3065 wo
799 3021 832 3065 es
860 3007 954 3065 unter
976 3002 1095 3064 andern
1118 3002 1233 3066 heisst:
1257 3003 1333 3088 Iup·
1461 3035 1463 3040 ·

221 3128 301 3210 piter
334 3126 462 3208 Feretri,
491 3128 605 3210 inquit,
636 3127 713 3189 haec
745 3125 803 3189 tibi
837 3128 937 3189 victor
969 3125 1127 3189 Romulus
1160 3145 1218 3190 rex
1247 3130 1333 3212 regia

222 3273 309 3316 arma
341 3252 418 3329 feru,
452 3253 669 3335 templumque
703 3252 752 3315 his
783 3252 976 3335 regionibus,
1007 3272 1087 3335 quas
1111 3253 1204 3316 modo
1227 3255 1332 3317 animo

221 3384 357 3444 metatus
392 3398 473 3461 sum,
509 3378 626 3459 dedice,
660 3378 764 3442 sedem
801 3379 913 3460 opimis
945 3378 1061 3460 spoliis,
1093 3398 1173 3461 quae
1204 3378 1332 3462 regibus

222 3505 420 3588 ducibusque
450 3505 591 3567 hostium
622 3503 729 3582 caesis,
757 3520 808 3564 me
838 3507 998 3566 auctorem
1021 3508 1190 3585 sequentes
1213 3505 1331 3587 posteri

219 3631 328 3695 ferent.
350 3630 475 3694 Ebenso
498 3629 554 3692 IV.
579 3630 628 3692 20.
653 3630 671 3691 3
695 3613 761 3691 und
787 3629 837 3690 32.
860 3627 911 3690 43³

264 3755 360 3838 Num,
391 3775 517 3839 quaese,
546 3756 627 3818 illud
657 3773 712 3838 pro
744 3759 930 3838 argumento
953 3754 1061 3818 haberi
1084 3755 1218 3838 potest?¹
1233 3751 1331 3830 Quasi

220 3903 294 3948 vero
317 3881 427 3946 Livius
446 3901 531 3945 unus
550 3881 693 3943 omnium
714 3881 902 3963 scriptorum
922 3879 1137 3943 Romanorum
1151 3882 1329 3963 opimorum
1361 3961 1363 3965 ι

219 4011 390 4094 spoliorum
414 4009 606 4072 mentionem
627 4006 742 4070 fecerit.

220 4199 365 4209 ——·--

252 4306 279 4372 l)
298 4306 334 4357 Cf.
351 4305 442 4369 Bauer,
458 4320 483 4369 p.
500 4302 523 4354 6.
