3360 5116
739 610 781 671 83

212 818 317 905 subigi
338 839 439 904 posse.
462 819 652 905 Interpretes
675 819 916 903 explicationem
941 821 1206 903 quaesitissimam
1230 819 1326 884 nobis

211 943 379 1010 obtrudere
401 945 530 1008 volunt:
557 942 673 1026 „bellis
697 943 866 1027 subantis,''
889 945 1049 1028 inquiunt,
1073 944 1232 1024 „fortasse
1254 962 1328 1008 eon-

211 1041 310 1151 feotis,
342 1069 450 1152 finitis,
482 1069 548 1134 fere
580 1075 617 1134 ut
647 1088 794 1134 exercere
828 1073 859 1133 et
887 1068 1018 1152 fatigare
1050 1068 1132 1132 diem
1165 1068 1242 1134 ete”
1267 1067 1328 1132 Sed

213 1214 306 1259 nemo
340 1215 406 1258 non
439 1194 525 1259 videt
558 1214 659 1259 meras
693 1215 795 1280 nugas
829 1194 886 1258 has
918 1212 995 1258 esse.
1029 1192 1149 1270 Quodsi
1171 1194 1330 1277 legeretur

169 1302 173 1310 ⁴
213 1322 414 1404 peractis,
459 1322 566 1384 omnia
597 1325 682 1386 reeta
715 1325 829 1385 essent
864 1319 980 1384 Melius
1014 1317 1149 1384 verbum
1181 1319 1329 1382 invenire

214 1465 278 1509 non
318 1448 417 1530 potui,
457 1466 650 1530 quamquam
691 1446 843 1512 confiteor
876 1447 1089 1510 coniecturam
1128 1445 1329 1510 audaciorem

217 1589 295 1637 esse.

261 1806 316 1872 Sit
337 1806 393 1872 IV.
419 1808 500 1872 578:

616 1970 658 1980 —
682 1971 723 1980 -
746 1933 831 2000 Labe
853 1935 957 2001 tenaci

349 2059 490 2126 Haerent
512 2060 651 2126 devincti
671 2079 802 2145 gressus
826 2098 868 2108 -
891 2099 933 2107 -

261 2212 459 2277 Praeclaram
479 2213 578 2278 huius
599 2213 661 2277 looi
685 2212 936 2278 emendationem
959 2214 1126 2297 proposuit
1146 2211 1330 2298 Rupertius‚

219 2338 275 2421 qui
308 2357 365 2423 pro
397 2337 489 2402 labe
521 2338 625 2422 legere
659 2338 730 2402 vult
750 2336 853 2402 tabe.
876 2336 985 2419 Tabae,
1008 2338 1124 2421 inquit,
1146 2343 1194 2403 est
1216 2338 1332 2402 humor

216 2462 328 2529 foedus
351 2468 382 2527 et
403 2464 582 2529 lutulentus
604 2483 622 2528 e
643 2465 717 2529 nive
739 2462 916 2547 liquefacta.
941 2462 1001 2527 Sio.
1025 2461 1137 2527 Livius
1160 2462 1254 2526 XXI.
1271 2464 1330 2527 36:
1465 2511 1471 2520 ,

222 2592 275 2672 „in
293 2591 356 2656 levi
375 2591 478 2675 'glaeie
496 2589 666 2674 tabidaque
689 2590 763 2654 nive
788 2589 1042 2653 volutabantur''.
1067 2588 1129 2653 Cio.
1151 2589 1222 2654 Nat.
1238 2587 1330 2654 Deor.

219 2715 260 2778 H.
286 2716 344 2780 10:
372 2717 506 2796 „humor
528 2714 633 2780 calore
652 2715 813 2780 tabesoit'’.
825 2714 886 2780 His
898 2715 1044 2799 Rupertii
1056 2716 1210 2800 exemplis
1221 2735 1334 2800 pauca,

222 2861 304 2924 quae
327 2843 428 2926 magis
447 2843 542 2906 etiam
559 2843 628 2906 eius
647 2844 862 2906 coniecturam
880 2841 1067 2906 confirmare
1078 2843 1210 2926 possint,
1221 2841 1335 2907 addere

219 2967 323 3032 lubet:
355 2966 431 3032 Lue.
454 2968 495 3031 X.
521 2970 601 3032 225:
630 2970 756 3052 „prima
776 2967 846 3034 tabe
869 2967 975 3040 nivis’'
1000 2973 1031 3034 et
1051 2966 1144 3032 Luor.
1168 2967 1223 3031 VI.
1250 2967 1331 3032 964:

113 3099 115 3104 '
226 3093 306 3176 „Sol
328 3095 419 3160 nives
441 3095 537 3160 radiis
561 3093 720 3161 tabescere
742 3095 856 3181 eogit’.

268 3315 322 3382 sil.
344 3316 383 3382 V.
407 3318 467 3382 66:

356 3455 454 3541 Signa
475 3457 569 3521 etiam
591 3455 702 3522 adfusa
725 3460 846 3522 certant
867 3456 946 3522 dum
967 3457 1083 3524 vellere
1107 3457 1198 3539 mole,

356 3581 466 3649 Taeter
487 3584 586 3648 humo
608 3584 711 3649 lacera
732 3585 888 3649 nitentum
912 3585 1015 3668 erupit
1036 3585 1071 3648 in
1095 3603 1149 3648 ora

357 3708 533 3774 Exsultans
556 3729 659 3794 eruor,
683 3749 725 3757 -
750 3747 791 3757 -

227 3847 364 3913 affusa
387 3850 490 3916 mole
515 3851 635 3915 dietum
658 3851 757 3916 eredit
775 3849 930 3916 Heinsius
949 3850 989 3915 de
1009 3849 1167 3935 magnavi
1180 3853 1211 3915 et
1222 3853 1338 3913 conatu

227 3995 347 4060 eorum,
389 3977 446 4059 qui
486 3977 616 4060 signum
658 3976 791 4042 evellere
824 3980 988 4041 conantur.
1021 3975 1228 4060 Deusqueius
1262 3975 1339 4059 legit

219 4100 366 4166 'effusa
397 4105 492 4184 atque
519 4101 621 4173 addit:
648 4101 764 4185 „prius
787 4101 962 4178 effundunt,
985 4101 1071 4185 quod
1094 4105 1160 4166 erat
1183 4100 1243 4165 soli
1265 4119 1340 4164 eon-

229 4225 365 4310 stipati.''
392 4224 493 4302 Quem
516 4245 619 4291 emere
643 4225 719 4290 dicit
740 4224 904 4308 Heinsius,
927 4245 1032 4310 neque
1056 4227 1141 4291 enim
1165 4225 1204 4290 de
1226 4225 1339 4291 effosso

229 4351 296 4416 solo
310 4352 371 4415 hio
392 4353 451 4436 agi.
474 4351 539 4418 Iter
562 4330 659 4416 nobis¹
677 4350 814 4417 ostendit
835 4349 947 4416 Livius
972 4350 1090 4431 (XXII.
1105 4353 1132 4414 3.
1155 4352 1215 4433 13),
1235 4370 1340 4434 quem,
