3364 5118
404 2285 510 2364 Quum
534 2291 572 2354 de
594 2289 669 2354 Silio
689 2291 797 2354 italico
818 2291 952 2355 scribere
971 2291 1049 2353 mihi
1068 2292 1311 2374 proposuissem,
1324 2291 1370 2353 nil
1388 2292 1466 2354 mihi

358 2415 446 2496 prius
477 2435 571 2480 curae
593 2416 662 2498 fuit,
686 2437 780 2500 quam
805 2422 841 2480 ut
863 2416 1034 2481 Doctorum
1058 2415 1218 2498 Virorum,
1242 2416 1391 2498 quiante
1416 2435 1466 2480 me
1580 2409 1583 2414 ’

357 2540 417 2604 hoc
457 2548 679 2625 argumentum
722 2548 915 2624 tractassent,
949 2543 1119 2606 sententias
1161 2561 1256 2623 quam
1293 2541 1465 2624 diligentis-

358 2667 438 2730 sime
472 2686 690 2750 cognoscerem
723 2672 818 2750 atque
848 2667 1052 2751 explorarem.
1084 2661 1176 2740 Quod
1207 2670 1342 2748 quantae
1373 2666 1465 2729 molis

358 2811 438 2876 opus
472 2793 575 2875 fuerit,
607 2812 699 2857 nemo
734 2812 799 2856 non
832 2792 966 2855 libenter
999 2791 1156 2872 concedet,
1191 2793 1247 2874 qui
1281 2790 1331 2854 vel
1366 2791 1466 2854 obiter

358 2917 587 2982 diversissimas
611 2919 649 2982 de
667 2924 760 3003 polita
779 2923 886 2982 nostro
907 2919 1077 2981 sententias
1089 2917 1263 3000 perlegerit.
1276 2916 1342 2979 Vix
1355 2937 1464 3000 quem-

358 3063 452 3126 quam
485 3044 580 3106 alium
613 3049 736 3126 poetam
760 3043 884 3125 habeas,
908 3045 964 3126 qui
987 3044 1086 3126 magis
1110 3043 1216 3105 locum
1239 3042 1359 3106 dederit
1382 3043 1463 3105 iudi-

356 3169 413 3231 ciis
436 3168 696 3252 discrepantibus,
720 3169 835 3251 quippe
859 3186 953 3250 quem
978 3168 1031 3230 alii
1049 3166 1196 3230 laudibus
1216 3168 1340 3250 saepius
1351 3168 1463 3230 immo-

356 3292 470 3357 deratis
507 3293 748 3373 cumulaverint,
782 3297 813 3355 et
846 3298 968 3375 praeter
996 3292 1123 3355 modum
1155 3292 1333 3368 extulerint,
1355 3292 1399 3354 ita
1428 3297 1464 3355 ut

355 3418 488 3481 alterum
514 3417 689 3481 Homerum
714 3416 765 3480 vel
786 3416 963 3499 Vergilium
988 3436 1060 3481 eum
1082 3408 1281 3500 appellarent,
1304 3416 1357 3479 alii
1380 3437 1462 3499 vere,

354 3561 459 3626 neque
488 3543 523 3605 id
551 3544 659 3605 minus
689 3543 855 3624 immerito,
878 3542 1087 3626 depresserint
1115 3559 1219 3624 neque
1241 3542 1275 3604 in
1297 3546 1460 3625 podtarum

353 3687 486 3732 numero
520 3668 701 3732 habendum
737 3670 925 3732 censuerint.
960 3668 1079 3732 Prioris
1112 3669 1284 3731 sententiae
1317 3669 1461 3753 exemplo

354 3796 394 3859 sit
416 3794 645 3877 Villebrunlus,
669 3796 776 3878 quiin
796 3794 987 3878 praefatione
1008 3794 1138 3857 editioni
1158 3791 1227 3856 Silii
1246 3795 1417 3876 praemissa
1430 3793 1461 3876 1),

336 3920 466 3985 -Silium
489 3920 623 4003 appellat
649 3967 663 4000 „
676 3920 819 3983 divinum
843 3924 975 4002 poetam,
997 3937 1101 4000 neque
1123 3919 1192 4001 ipso
1218 3917 1359 4001 Vergilio
1383 3919 1462 3983 infe·

351 4044 497 4128 riorem'’,
519 4045 712 4129 posterioris,
734 4062 775 4107 ne
794 4044 900 4127 plures
918 4042 1053 4125 laudem,
1067 4041 1211 4106 Clemens
1229 4041 1461 4127 Francogallus,

386 4341 411 4405 1)
430 4341 540 4406 Parisiis
558 4339 630 4392 1781.
