3364 5118
911 542 958 643 44'

382 792 416 854 in
439 808 484 872 eo,
508 789 593 873 quod
615 790 762 854 custodes
785 788 921 853 Romani
946 789 1030 873 apud
1051 808 1124 853 eum
1144 808 1210 852 non
1227 793 1316 872 terga
1334 789 1419 871 dant,
1439 789 1496 853 sed

381 913 616 979 incurrentibus
638 913 784 979 hostibus
807 914 932 978 obviam
955 920 1040 978 eunt.

427 1040 475 1105 Ne
485 1040 714 1122 Heynacherus
727 1041 855 1124 quidem
867 1039 995 1123 Livium
1007 1045 1038 1105 et
1049 1039 1164 1104 Silium
1174 1041 1209 1102 in
1220 1041 1270 1103 his
1283 1040 1400 1124 optime
1411 1041 1496 1104 inter

382 1184 416 1230 se
450 1185 623 1250 congruere
656 1165 783 1231 diffiteri
817 1171 929 1250 potest,
964 1166 1020 1230 sed
1053 1167 1206 1250 propositi
1238 1170 1336 1230 tenax
1365 1184 1407 1230 ne
1443 1167 1496 1230 hic

383 1290 510 1373 quidem
532 1289 658 1353 Livium
683 1289 751 1354 Silii
769 1290 888 1355 fontem
908 1309 978 1355 esee
996 1291 1166 1354 concedere
1184 1290 1262 1372 vult,
1283 1309 1411 1373 quoque
1431 1291 1496 1354 evi·

383 1415 587 1480 dentissimus
610 1434 794 1498 consensus,
818 1418 874 1500 qui
895 1417 978 1480 inter
1000 1421 1174 1500 utrumque
1196 1416 1371 1498 intercedit,
1394 1417 1494 1500 expli-

381 1545 477 1623 cetur,
508 1543 676 1625 utriusque
706 1561 908 1607 communem
931 1542 1031 1606 fuisse
1054 1547 1223 1625 auctorem,
1245 1542 1379 1608 fortasse
1401 1544 1495 1608 Vale-

380 1667 464 1729 rium
476 1667 647 1749 Antiatem,
661 1668 848 1750 suspicatur.
861 1669 905 1732 At
917 1669 1008 1752 quasi
1020 1686 1092 1731 eum
1106 1670 1325 1752 suppoeniteat
1335 1669 1387 1732 vel
1397 1642 1494 1734 huius
1528 1695 1529 1698 ¹

382 1793 601 1869 concessionis,
626 1792 712 1856 addit
735 1794 867 1876 vestigia
900 1812 965 1857 non
990 1794 1107 1875 deesse,
1131 1792 1247 1877 quibus
1270 1794 1495 1879 intelligamus

381 1916 493 1981 Silium
517 1936 582 1981 non
604 1917 860 2001 ipsum‘lirium
884 1923 1030 1983 secutum
1054 1937 1123 1983 esse
1135 1918 1167 2000 1).

326 2113 328 2118 ,
423 2043 448 2106 Ι.
483 2043 579 2127 Apud
609 2040 736 2107 Livium
765 2043 927 2107 Hannibal
955 2045 1088 2128 imperat
1109 2043 1313 2126 Hasdrubali,
1338 2049 1374 2109 ut
1397 2044 1494 2108 boves

381 2172 460 2253 agat,
483 2169 567 2252 apud
590 2168 704 2233 Silium
728 2169 865 2253 Magoni.

423 2292 514 2358 Libet
548 2294 625 2357 mihi
659 2293 842 2377 disquirere,
877 2299 1034 2377 quatenus
1067 2295 1142 2358 huic
1171 2298 1358 2377 argumento
1389 2294 1491 2358 ullum

380 2424 577 2483 momentum
600 2418 804 2483 tribuendum
830 2420 878 2482 sit.
899 2417 995 2483 Recte
1017 2418 1163 2483 Bauerus
1176 2419 1199 2499 2)
1223 2423 1253 2482 et
1276 2418 1494 2483 Schlichteise-

379 2546 453 2609 nius
472 2544 495 2626 8)
534 2545 765 2626 iudicaverunt,
799 2545 833 2606 in
865 2544 1034 2628 Magonem
1070 2546 1194 2628 egregie
1229 2544 1311 2607 dicta
1344 2544 1489 2629 factaque

379 2669 494 2752 aliqua,
516 2670 586 2733 aliis
607 2668 724 2733 Poenis
747 2668 923 2745 tribuenda,
947 2669 1068 2752 deferri,
1091 2676 1128 2734 ut
1150 2671 1289 2753 optimus
1310 2671 1385 2753 dux,
1405 2670 1492 2749 Han-

378 2793 493 2859 nibalis
515 2795 618 2876 frater,
641 2795 742 2878 magis
766 2795 910 2858 emineat.

421 2919 519 2983 Haud
548 2919 727 2982 mirandum
751 2920 857 3003 igitur,
882 2919 968 3002 quod
990 2923 1083 3003 po'e'ta
1106 2919 1256 2983 hocloco
1280 2919 1491 2984 Hannibalem

378 3063 445 3108 rem
469 3045 587 3108 summi
605 3045 758 3108 momenti
777 3045 883 3128 potius
902 3044 1030 3128 Magoni
1049 3045 1252 3109 mandantem
1268 3045 1495 3130 fingit,neque,

379 3172 415 3232 ut
444 3167 555 3232 Livius
579 3188 615 3232 ac
643 3167 807 3251 Polybius,
830 3168 1034 3252 Hasdrubali,
1057 3170 1188 3251 homini,
1211 3174 1350 3234 ceterum
1373 3171 1491 3254 ignote,

378 3298 481 3377 atque,
504 3296 631 3356 auctore
653 3291 787 3374 Polybio
800 3291 833 3375 4),
857 3293 1006 3377 praefecti
1030 3293 1158 3357 fabrum
1181 3312 1313 3358 munere
1336 3294 1489 3378 fungenti.

422 3417 658 3501 Argumentum
690 3417 867 3480 secundum
898 3418 1033 3501 pertinet
1062 3417 1102 3480 ad
1124 3422 1259 3502 tempus,
1284 3438 1347 3502 quo
1369 3418 1492 3483 Hanni-

379 3583 522 3594 ——

410 3685 437 3751 l)
455 3685 592 3736 Cosackius
609 3701 712 3751 quoque
728 3686 757 3736 ad
778 3686 825 3736 hoc
842 3686 997 3736 credendum
1014 3685 1129 3749 inclinat,
1146 3700 1225 3750 quem
1242 3685 1299 3736 vide
1317 3701 1341 3750 p.
1359 3685 1404 3736 25:
1422 3686 1492 3752 „lla-

377 3777 469 3828 nifesto
492 3777 554 3827 alios
570 3783 686 3828 auctores
703 3781 803 3841 praeter
820 3777 923 3827 Livium
940 3782 1000 3827 ante
1017 3777 1102 3827 oculos
1118 3777 1217 3828 habuit.
1235 3792 1259 3841 p.
1278 3775 1324 3832 27:
1344 3777 1414 3844 ,sia
1432 3793 1493 3828 cum

377 3869 470 3919 Fabius
493 3869 600 3918 dictator
626 3869 796 3918 Hannibalern
814 3867 975 3918 callidissime
992 3867 1119 3931 cinxisset,
1137 3868 1180 3918 hic
1198 3869 1230 3918 ad
1245 3868 1394 3919 tentorium.
1406 3867 1493 3917 fratris

374 3960 497 4029 Magonis,
523 3975 635 4025 quocum
657 3959 782 4010 liberandi
804 3959 941 4009 consilium
964 3959 1143 4023 communicet,
1166 3960 1277 4010 festinat.
1301 3960 1389 4010 Livius
1405 3964 1493 4010 eontra

376 4054 490 4118 itemque
507 4053 629 4118 Polybius
645 4053 738 4102 diserte
754 4065 816 4101 eum
833 4051 864 4100 ad
881 4050 1066 4100 Hasdrubalem
1085 4049 1143 4101 iisse
1160 4049 1273 4100 dicunt.”

409 4145 436 4202 2)
456 4145 484 4194 P.
501 4143 541 4193 te.

409 4235 425 4286 3
455 4236 484 4285 P.
501 4233 541 4285 56.

412 4237 439 4391 ll
457 4326 503 4376 ΙΙΙ.
520 4323 560 4376 93.
577 4324 600 4376 4.
616 4331 658 4374 τὸν
667 4323 707 4374 ἐπὶ
714 4329 760 4373 τῶν
770 4330 900 4387 λεντννγῶν
909 4324 1058 4387 τεταγμένον
1067 4323 1215 4388 Ἀσδρούβαν
1224 4323 1393 4387 παρρήγγενλε.
1405 4343 1425 4374 ν.
1435 4342 1456 4374 r.
1468 4336 1492 4375 λ.
