3364 5118
720 606 761 668 45

181 813 267 878 bulis
289 814 460 878 consilium
480 814 653 898 perfectum
677 819 732 878 est.
756 813 855 897 Apud
877 812 992 877 Silium
1016 816 1113 876 noctu
1131 810 1303 894 Hannibal,

183 940 337 1004 omnibus
366 938 605 1023 dormientibus,
627 940 795 1004 consilium
818 940 909 1022 capit,
931 937 1017 1022 apud
1039 937 1168 1002 Livium
1191 939 1302 1021 primis

183 1065 326 1132 tenebris
356 1065 453 1131 boves
475 1068 509 1130 in
532 1071 656 1131 montes
679 1071 825 1150 aguntur.
850 1063 997 1128 Ceterum
1020 1064 1101 1127 hanc
1123 1064 1303 1147 discrepan-

181 1193 262 1255 tiam
292 1196 402 1275 podtae
431 1192 575 1275 imputat,
599 1192 692 1255 cuius
715 1191 816 1274 ipsius
840 1191 896 1264 rei,
920 1208 992 1253 cum
1016 1193 1116 1272 poeta,
1138 1206 1204 1251 non
1228 1207 1301 1252 cum

181 1315 338 1379 historiae
361 1317 512 1399 scriptore
534 1315 594 1380 sibi
616 1334 683 1380 rem
707 1333 784 1396 esse,
809 1315 935 1398 saepius
960 1312 1164 1377 obliviscitur.

229 1439 335 1503 Tertio
354 1440 592 1523 ⁸animadvortit
626 1439 710 1523 apud
740 1438 853 1503 Silium
885 1439 1077 1501 montionem
1107 1435 1176 1501 fieri
1199 1440 1302 1501 metus

181 1563 379 1628 Hannibalis
401 1567 458 1648 (vs.
484 1565 571 1647 285),
594 1582 689 1647 quem
711 1583 804 1628 nemo
828 1543 962 1647 scriptor
985 1567 1107 1647 praeter
1118 1563 1303 1647 Appianum

182 1692 359 1754 memoriae
392 1690 528 1772 tradidit,
562 1689 647 1773 apud
681 1708 777 1771 quern
810 1687 959 1768 (Hannib.
994 1708 1019 1752 o.
1059 1688 1113 1772 14)
1149 1689 1301 1772 legimus:

184 1796 307 1878 ”Ebrios
339 1813 395 1890 μὲν
424 1814 461 1885 ὡς
491 1811 593 1877 οὔποτε
616 1811 754 1893 πρότερον.
777 1813 858 1878 Inde
880 1814 1007 1898 colligit,
1030 1813 1143 1878 Silium
1167 1813 1304 1878 eundem

184 1946 351 2003 auctorem
374 1944 471 2022 atque
491 1938 676 2022 Appianum
699 1943 845 2002 secutum
864 1957 942 2020 esse,
963 1940 1028 2022 qui,
1048 1941 1076 2002 si
1094 1939 1303 2021 Heynachero

184 2064 267 2129 fides
295 2063 440 2128 habenda
469 2069 525 2146 est,
555 2082 597 2128 ex
627 2065 758 2147 antiquo
781 2064 958 2127 Annalium
981 2064 1133 2148 scriptore
1155 2065 1304 2128 historiae

185 2192 353 2255 materiam
374 2190 523 2254 hauserit.
547 2188 630 2254 Fieri
652 2193 762 2273 potest,
781 2195 817 2253 ut
836 2191 871 2252 in
889 2189 948 2252 hac
966 2208 1000 2252 re
1019 2194 1104 2253 recte
1114 2189 1303 2254 iudicaverit

185 2315 421 2396 Heynacherus
434 2313 467 2396 1).

234 2439 384 2524 Superest
413 2439 489 2502 mihi
512 2437 730 2522 redarguenda
751 2436 885 2502 Wezelii
908 2439 1014 2522 opinio
1027 2439 1059 2519 2).
1082 2437 1198 2501 Utrum
1222 2443 1305 2501 recte

186 2584 302 2629 versus
324 2563 488 2627 Ennianos
512 2564 592 2626 571:

390 2751 432 2760 -
456 2751 498 2760 -
522 2712 665 2777 Clamore
687 2711 839 2777 borantes

189 2870 222 2930 et
247 2865 327 2928 588:
389 2902 431 2910 -
455 2901 496 2910 —-
520 2863 723 2947 funduntque
745 2863 835 2927 elatis
857 2863 987 2927 naribus
1009 2863 1113 2928 lucem
1162 2845 1165 2854 ¹

171 3034 262 3102 cum
302 3014 463 3086 hocloco
498 3012 617 3077 Siliano
652 3014 864 3095 coniunxerit,
893 3012 1061 3077 decernere
1095 3013 1211 3094 nolim,
1249 3014 1305 3078 sed

189 3145 314 3204 constat
347 3141 427 3203 mihi
458 3141 493 3203 in
528 3157 633 3203 errore
662 3157 736 3202 eum
767 3157 837 3202 esse
866 3137 1068 3202 arbitrantem
1092 3121 1306 3203 Acherrae'et

191 3268 333 3332 Maraxis
355 3267 547 3330 mentionem
566 3263 716 3328 Livianae
736 3265 924 3327 narrationis
943 3262 1214 3348 amplificationem
1227 3283 1305 3329 esse.

189 3393 384 3458 Persuasum
406 3393 485 3456 mihi
508 3396 555 3455 est
577 3391 661 3474 apud
683 3390 809 3453 nullum
833 3396 994 3466 auctorem
1018 3409 1055 3453 ea
1078 3391 1208 3453 nomina
1231 3408 1305 3454 eum

189 3522 313 3604 legisse,
336 3518 392 3582 sed
414 3518 527 3581 harum
547 3535 754 3601 personarum
771 3515 997 3598 inductionem,
1018 3534 1107 3599 quae,
1126 3521 1164 3579 ut
1182 3515 1307 3580 Barthii

191 3644 297 3710 verbis
317 3647 396 3725 utar,
413 3640 502 3721 κωφὰ
514 3640 653 3722 πρόσωπα
665 3643 877 3706 aestimandae
889 3646 971 3718 sunt,
984 3647 1197 3706 commentum
1209 3645 1307 3727 poeti-

191 3791 266 3835 cum
289 3789 366 3834 esse.
391 3767 511 3845 Quodsi
534 3768 607 3851 quis
628 3772 726 3852 putet,
749 3787 800 3832 me
823 3769 891 3832 sine
915 3787 1021 3850 causa,
1042 3767 1147 3831 studio
1169 3769 1306 3851 quodam

192 3895 426 3986 contradicendi
445 3894 619 3978 abreptum,
631 3895 691 3958 hoc
703 3894 901 3976 contendere,
914 3893 1060 3977 conferat,
1074 3912 1200 3977 quaes0,
1212 3893 1306 3958 Hom.

196 4063 340 4076 μ

225 4169 251 4233 1)
269 4167 307 4219 Cf.
322 4173 410 4221 tamen
426 4167 481 4217 Liv.
498 4166 580 4217 XXII.
597 4164 638 4216 23.
654 4163 684 4214 3:
701 4180 768 4230 quae
786 4165 850 4230 (scil.
869 4165 998 4215 cunctatio
1017 4164 1108 4229 Fabii),
1126 4169 1156 4215 ut
1173 4163 1306 4214 Hanniba·

191 4259 243 4309 lem
259 4273 311 4309 non
328 4259 448 4309 mediocri
462 4258 600 4309 sollicitum
616 4271 681 4308 cura
696 4255 813 4319 habebat,
831 4259 879 4305 etc.
930 4259 933 4266 '

225 4349 252 4416 2)
272 4350 300 4400 Ρ.
318 4348 359 4398 at.
